@article{Biscarri2018,
  title={A simple and fast method for computing the Poisson binomial distribution function},
  author={Biscarri, William and Zhao, Sihai Dave and Brunner, Robert J},
  journal={Computational Statistics \& Data Analysis},
  volume={122},
  pages={92--100},
  year={2018},
  publisher={Elsevier}
}

@book{Fraser2008,
  title={Hidden Markov models and dynamical systems},
  author={Fraser, Andrew M},
  volume={107},
  year={2008},
  publisher={Society for Industrial and Applied Mathematics},
  series={}
}

@article{Viterbi1967,
  title={Error bounds for convolutional codes and an asymptotically optimum decoding algorithm},
  author={Viterbi, Andrew},
  journal={IEEE transactions on Information Theory},
  volume={13},
  number={2},
  pages={260--269},
  year={1967},
  publisher={IEEE}
}

@article{Kubelka2016,
  title={Improving multimodal data fusion for mobile robots by trajectory smoothing},
  author={Kubelka, Vladim{\'\i}r and Reinstein, Michal and Svoboda, Tom{\'a}{\v{s}}},
  journal={Robotics and Autonomous Systems},
  volume={84},
  pages={88--96},
  year={2016},
  publisher={Elsevier}
}

@article{Andrle2015,
  title={Attitude estimation employing common frame error representations},
  author={Andrle, Michael S and Crassidis, John L},
  journal={Journal of Guidance, Control, and Dynamics},
  volume={38},
  number={9},
  pages={1614--1624},
  year={2015},
  publisher={American Institute of Aeronautics and Astronautics}
}

@INPROCEEDINGS{deBruijne2010,
       author = {{de Bruijne}, Jos and {Siddiqui}, Hassan and {Lammers}, Uwe and
         {Hoar}, John and {O'Mullane}, William and {Prusti}, Timo},
        title = "{Optimising the Gaia scanning law for relativity experiments}",
     keywords = {relativity, space vehicles: instruments, astrometry, planets and satellites: Jupiter},
    booktitle = {Relativity in Fundamental Astronomy: Dynamics, Reference Frames, and Data Analysis},
         year = 2010,
       editor = {{Klioner}, Sergei A. and {Seidelmann}, P. Kenneth and
         {Soffel}, Michael H.},
       series = {IAU Symposium},
       volume = {261},
        month = jan,
        pages = {331-333},
          doi = {10.1017/S1743921309990597},
       adsurl = {https://ui.adsabs.harvard.edu/abs/2010IAUS..261..331D},
      adsnote = {Provided by the SAO/NASA Astrophysics Data System}
}

@ARTICLE{deBruijne2015,
       author = {{de Bruijne}, J.~H.~J. and {Allen}, M. and {Azaz}, S. and
         {Krone-Martins}, A. and {Prod'homme}, T. and {Hestroffer}, D.},
        title = "{Detecting stars, galaxies, and asteroids with Gaia}",
      journal = {\aap},
     keywords = {space vehicles: instruments, stars: general, binaries: general, galaxies: general, cosmic rays, Astrophysics - Instrumentation and Methods for Astrophysics},
         year = 2015,
        month = apr,
       volume = {576},
          eid = {A74},
        pages = {A74},
          doi = {10.1051/0004-6361/201424018},
archivePrefix = {arXiv},
       eprint = {1502.00454},
 primaryClass = {astro-ph.IM},
       adsurl = {https://ui.adsabs.harvard.edu/abs/2015A&A...576A..74D},
      adsnote = {Provided by the SAO/NASA Astrophysics Data System}
}





@article{Gao2012,
  title={Implementing the Nelder-Mead simplex algorithm with adaptive parameters},
  author={Gao, Fuchang and Han, Lixing},
  journal={Computational Optimization and Applications},
  volume={51},
  number={1},
  pages={259--277},
  year={2012},
  publisher={Springer}
}

@article{Cardoso2010,
  title={Exponentials of skew-symmetric matrices and logarithms of orthogonal matrices},
  author={Cardoso, Jo{\~a}o R and Leite, F Silva},
  journal={Journal of computational and applied mathematics},
  volume={233},
  number={11},
  pages={2867--2875},
  year={2010},
  publisher={Elsevier}
}

@article{Dieci2001,
  title={Conditioning of the exponential of a block triangular matrix},
  author={Dieci, Luca and Papini, Alessandra},
  journal={Numerical Algorithms},
  volume={28},
  number={1-4},
  pages={137--150},
  year={2001},
  publisher={Springer}
}

@article{Burton2017,
  title={Online attitude determination of a passively magnetically stabilized spacecraft},
  author={Burton, Roland and Rock, Stephen and Springmann, John and Cutler, James},
  journal={Acta Astronautica},
  volume={133},
  pages={269--281},
  year={2017},
  publisher={Elsevier}
}

@article{Crouch1993,
  title={Numerical integration of ordinary differential equations on manifolds},
  author={Crouch, Peter E and Grossman, R},
  journal={Journal of Nonlinear Science},
  volume={3},
  number={1},
  pages={1--33},
  year={1993},
  publisher={Springer}
}

@misc{3blue1brown,
  author = {{Sanderson}, G. and {Eater}, B.},
  title = {{Visualizing quaternions:} An explorable video series},
  year = 2018,
  howpublished = {\url{https://eater.net/quaternions}},
  note = {Accessed: 16-07-2020}
}

@ARTICLE{Rauch1965,
       author = {{Rauch}, H.~E. and {Striebel}, C.~T. and {Tung}, F.},
        title = "{Maximum likelihood estimates of linear dynamic systems}",
      journal = {AIAA Journal},
         year = 1965,
        month = aug,
       volume = {3},
       number = {8},
        pages = {1445-1450},
          doi = {10.2514/3.3166},
       adsurl = {https://ui.adsabs.harvard.edu/abs/1965AIAAJ...3.1445R},
      adsnote = {Provided by the SAO/NASA Astrophysics Data System}
}



@article{Markley2003,
  title={Attitude error representations for Kalman filtering},
  author={Markley, F Landis},
  journal={Journal of guidance, control, and dynamics},
  volume={26},
  number={2},
  pages={311--317},
  year={2003}
}

@book{Wertz2012,
  title={Spacecraft attitude determination and control},
  author={Wertz, James R},
  volume={73},
  year={2012},
  publisher={Springer Science \& Business Media},
  series={}
}

@ARTICLE{PaperI,
       author = {{Boubert}, Douglas and {Everall}, Andrew and {Holl}, Berry},
        title = "{Completeness of the Gaia-verse I: when and where were Gaia's eyes on the sky during DR2?}",
      journal = {arXiv e-prints},
     keywords = {Astrophysics - Instrumentation and Methods for Astrophysics, Astrophysics - Astrophysics of Galaxies, Astrophysics - Solar and Stellar Astrophysics},
         year = 2020,
        month = apr,
          eid = {arXiv:2004.14433},
        pages = {arXiv:2004.14433},
archivePrefix = {arXiv},
       eprint = {2004.14433},
 primaryClass = {astro-ph.IM},
       adsurl = {https://ui.adsabs.harvard.edu/abs/2020arXiv200414433B},
      adsnote = {Provided by the SAO/NASA Astrophysics Data System}
}

@ARTICLE{PaperII,
       author = {{Boubert}, Douglas and {Everall}, Andrew},
        title = "{Completeness of the Gaia-verse II: what are the odds that a star is missing from Gaia DR2?}",
      journal = {arXiv e-prints},
     keywords = {Astrophysics - Astrophysics of Galaxies, Astrophysics - Instrumentation and Methods for Astrophysics, Astrophysics - Solar and Stellar Astrophysics},
         year = 2020,
        month = may,
          eid = {arXiv:2005.08983},
        pages = {arXiv:2005.08983},
archivePrefix = {arXiv},
       eprint = {2005.08983},
 primaryClass = {astro-ph.GA},
       adsurl = {https://ui.adsabs.harvard.edu/abs/2020arXiv200508983B},
      adsnote = {Provided by the SAO/NASA Astrophysics Data System}
}

@ARTICLE{Green2018,
       author = {{Green}, Gregory M.},
        title = "{dustmaps: A Python interface for maps of interstellar dust}",
      journal = {The Journal of Open Source Software},
         year = 2018,
        month = jun,
       volume = {3},
       number = {26},
        pages = {695},
          doi = {10.21105/joss.00695},
       adsurl = {https://ui.adsabs.harvard.edu/abs/2018JOSS....3..695G},
      adsnote = {Provided by the SAO/NASA Astrophysics Data System}
}

@ARTICLE{Melatos2020,
       author = {{Melatos}, A. and {Dunn}, L.~M. and {Suvorova}, S. and {Moran}, W. and
         {Evans}, R.~J.},
        title = "{Pulsar glitch detection with a hidden Markov model}",
      journal = {arXiv e-prints},
     keywords = {Astrophysics - High Energy Astrophysical Phenomena},
         year = 2020,
        month = may,
          eid = {arXiv:2005.09388},
        pages = {arXiv:2005.09388},
archivePrefix = {arXiv},
       eprint = {2005.09388},
 primaryClass = {astro-ph.HE},
       adsurl = {https://ui.adsabs.harvard.edu/abs/2020arXiv200509388M},
      adsnote = {Provided by the SAO/NASA Astrophysics Data System}
}



@ARTICLE{Castro2018,
       author = {{Castro}, Nicol{\'a}s and {Protopapas}, Pavlos and {Pichara}, Karim},
        title = "{Uncertain Classification of Variable Stars: Handling Observational GAPS and Noise}",
      journal = {\aj},
     keywords = {methods: data analysis, stars: statistics, surveys, Astrophysics - Instrumentation and Methods for Astrophysics},
         year = 2018,
        month = jan,
       volume = {155},
       number = {1},
          eid = {16},
        pages = {16},
          doi = {10.3847/1538-3881/aa9ab8},
archivePrefix = {arXiv},
       eprint = {1801.09732},
 primaryClass = {astro-ph.IM},
       adsurl = {https://ui.adsabs.harvard.edu/abs/2018AJ....155...16C},
      adsnote = {Provided by the SAO/NASA Astrophysics Data System}
}



@ARTICLE{Marchetti2019,
       author = {{Marchetti}, T. and {Rossi}, E.~M. and {Brown}, A.~G.~A.},
        title = "{Gaia DR2 in 6D: searching for the fastest stars in the Galaxy}",
      journal = {\mnras},
     keywords = {Galaxy: centre, Galaxy: kinematics and dynamics, Galaxy: stellar content, Astrophysics - Astrophysics of Galaxies, Astrophysics - Solar and Stellar Astrophysics},
         year = "2019",
        month = "Nov",
       volume = {490},
       number = {1},
        pages = {157-171},
          doi = {10.1093/mnras/sty2592},
archivePrefix = {arXiv},
       eprint = {1804.10607},
 primaryClass = {astro-ph.GA},
       adsurl = {https://ui.adsabs.harvard.edu/abs/2019MNRAS.490..157M},
      adsnote = {Provided by the SAO/NASA Astrophysics Data System}
}

@ARTICLE{Foreman2019,
       author = {{Foreman-Mackey}, Daniel and {Farr}, Will M. and {Sinha}, Manodeep and
         {Archibald}, Anne M. and {Hogg}, David W. and {Sanders}, Jeremy S. and
         {Zuntz}, Joe and {Williams}, Peter K.~G. and {Nelson}, Andrew R.~J. and
         {de Val-Borro}, Miguel and {Erhardt}, Tobias and {Pashchenko}, Ilya and
         {Abril Pla}, Oriol},
        title = "{emcee v3: A Python ensemble sampling toolkit for affine-invariant MCMC}",
      journal = {arXiv e-prints},
     keywords = {Astrophysics - Instrumentation and Methods for Astrophysics, Statistics - Computation},
         year = "2019",
        month = "Nov",
          eid = {arXiv:1911.07688},
        pages = {arXiv:1911.07688},
archivePrefix = {arXiv},
       eprint = {1911.07688},
 primaryClass = {astro-ph.IM},
       adsurl = {https://ui.adsabs.harvard.edu/abs/2019arXiv191107688F},
      adsnote = {Provided by the SAO/NASA Astrophysics Data System}
}



@MISC{Rybizki2018,
       author = {{Rybizki}, Jan and {Drimmel}, Ronald},
        title = "{gdr2\_completeness: GaiaDR2 data retrieval and manipulation}",
     keywords = {Software},
         year = "2018",
        month = "Nov",
          eid = {ascl:1811.018},
        pages = {ascl:1811.018},
archivePrefix = {ascl},
       eprint = {1811.018},
       adsurl = {https://ui.adsabs.harvard.edu/abs/2018ascl.soft11018R},
      adsnote = {Provided by the SAO/NASA Astrophysics Data System}
}



@ARTICLE{Zasowski2013,
       author = {{Zasowski}, G. and {Johnson}, Jennifer A. and {Frinchaboy}, P.~M. and
         {Majewski}, S.~R. and {Nidever}, D.~L. and {Rocha Pinto}, H.~J. and
         {Girardi}, L. and {Andrews}, B. and {Chojnowski}, S.~D. and
         {Cudworth}, K.~M. and {Jackson}, K. and {Munn}, J. and
         {Skrutskie}, M.~F. and {Beaton}, R.~L. and {Blake}, C.~H. and
         {Covey}, K. and {Deshpande}, R. and {Epstein}, C. and {Fabbian}, D. and
         {Fleming}, S.~W. and {Garcia Hernandez}, D.~A. and {Herrero}, A. and
         {Mahadevan}, S. and {M{\'e}sz{\'a}ros}, Sz. and {Schultheis}, M. and
         {Sellgren}, K. and {Terrien}, R. and {van Saders}, J. and
         {Allende Prieto}, C. and {Bizyaev}, D. and {Burton}, A. and
         {Cunha}, K. and {da Costa}, L.~N. and {Hasselquist}, S. and
         {Hearty}, F. and {Holtzman}, J. and {Garc{\'\i}a P{\'e}rez}, A.~E. and
         {Maia}, M.~A.~G. and {O'Connell}, R.~W. and {O'Donnell}, C. and
         {Pinsonneault}, M. and {Santiago}, B.~X. and {Schiavon}, R.~P. and
         {Shetrone}, M. and {Smith}, V. and {Wilson}, J.~C.},
        title = "{Target Selection for the Apache Point Observatory Galactic Evolution Experiment (APOGEE)}",
      journal = {\aj},
     keywords = {Galaxy: abundances, Galaxy: kinematics and dynamics, stars: general, surveys, Astrophysics - Astrophysics of Galaxies},
         year = "2013",
        month = "Oct",
       volume = {146},
       number = {4},
          eid = {81},
        pages = {81},
          doi = {10.1088/0004-6256/146/4/81},
archivePrefix = {arXiv},
       eprint = {1308.0351},
 primaryClass = {astro-ph.GA},
       adsurl = {https://ui.adsabs.harvard.edu/abs/2013AJ....146...81Z},
      adsnote = {Provided by the SAO/NASA Astrophysics Data System}
}



@UNPUBLISHED{Lindegren2018note,
   author = {L.~Lindegren},
   title={{R}e-normalising the astrometric chi-square in {G}aia {D}{R}2},
   institution={Lund Observatory},
   year={2018},
   month={August},
   url={http://www.rssd.esa.int/doc_fetch.php?id=3757412},
   note={GAIA-C3-TN-LU-LL-124},
   type={Technical Note}
}

@ARTICLE{Arenou2018,
       author = {{Arenou}, F. and {Luri}, X. and {Babusiaux}, C. and {Fabricius}, C. and
         {Helmi}, A. and {Muraveva}, T. and {Robin}, A.~C. and {Spoto}, F. and
         {Vallenari}, A. and {Antoja}, T. and {Cantat-Gaudin}, T. and
         {Jordi}, C. and {Leclerc}, N. and {Reyl{\'e}}, C. and
         {Romero-G{\'o}mez}, M. and {Shih}, I. -C. and {Soria}, S. and
         {Barache}, C. and {Bossini}, D. and {Bragaglia}, A. and
         {Breddels}, M.~A. and {Fabrizio}, M. and {Lambert}, S. and
         {Marrese}, P.~M. and {Massari}, D. and {Moitinho}, A. and
         {Robichon}, N. and {Ruiz-Dern}, L. and {Sordo}, R. and
         {Veljanoski}, J. and {Eyer}, L. and {Jasniewicz}, G. and {Pancino}, E. and
         {Soubiran}, C. and {Spagna}, A. and {Tanga}, P. and {Turon}, C. and
         {Zurbach}, C.},
        title = "{Gaia Data Release 2. Catalogue validation}",
      journal = {\aap},
     keywords = {catalogs, stars: fundamental parameters, astrometry, techniques: radial velocities, stars: variables: general, minor planets, asteroids: general, Astrophysics - Astrophysics of Galaxies, Astrophysics - Instrumentation and Methods for Astrophysics},
         year = "2018",
        month = "Aug",
       volume = {616},
          eid = {A17},
        pages = {A17},
          doi = {10.1051/0004-6361/201833234},
archivePrefix = {arXiv},
       eprint = {1804.09375},
 primaryClass = {astro-ph.GA},
       adsurl = {https://ui.adsabs.harvard.edu/abs/2018A&A...616A..17A},
      adsnote = {Provided by the SAO/NASA Astrophysics Data System}
}



@ARTICLE{Riello2018,
       author = {{Riello}, M. and {De Angeli}, F. and {Evans}, D.~W. and {Busso}, G. and
         {Hambly}, N.~C. and {Davidson}, M. and {Burgess}, P.~W. and
         {Montegriffo}, P. and {Osborne}, P.~J. and {Kewley}, A. and
         {Carrasco}, J.~M. and {Fabricius}, C. and {Jordi}, C. and
         {Cacciari}, C. and {van Leeuwen}, F. and {Holland}, G.},
        title = "{Gaia Data Release 2. Processing of the photometric data}",
      journal = {\aap},
     keywords = {instrumentation: photometers, space vehicles: instruments, techniques: photometric, methods: data analysis, catalogs, Astrophysics - Instrumentation and Methods for Astrophysics},
         year = "2018",
        month = "Aug",
       volume = {616},
          eid = {A3},
        pages = {A3},
          doi = {10.1051/0004-6361/201832712},
archivePrefix = {arXiv},
       eprint = {1804.09367},
 primaryClass = {astro-ph.IM},
       adsurl = {https://ui.adsabs.harvard.edu/abs/2018A&A...616A...3R},
      adsnote = {Provided by the SAO/NASA Astrophysics Data System}
}



@ARTICLE{Katz2019,
       author = {{Katz}, D. and {Sartoretti}, P. and {Cropper}, M. and {Panuzzo}, P. and
         {Seabroke}, G.~M. and {Viala}, Y. and {Benson}, K. and {Blomme}, R. and
         {Jasniewicz}, G. and {Jean-Antoine}, A. and {Huckle}, H. and
         {Smith}, M. and {Baker}, S. and {Crifo}, F. and {Damerdji}, Y. and
         {David}, M. and {Dolding}, C. and {Fr{\'e}mat}, Y. and {Gosset}, E. and
         {Guerrier}, A. and {Guy}, L.~P. and {Haigron}, R. and {Jan{\ss}en}, K. and
         {Marchal}, O. and {Plum}, G. and {Soubiran}, C. and {Th{\'e}venin}, F. and
         {Ajaj}, M. and {Allende Prieto}, C. and {Babusiaux}, C. and
         {Boudreault}, S. and {Chemin}, L. and {Delle Luche}, C. and
         {Fabre}, C. and {Gueguen}, A. and {Hambly}, N.~C. and {Lasne}, Y. and
         {Meynadier}, F. and {Pailler}, F. and {Panem}, C. and {Royer}, F. and
         {Tauran}, G. and {Zurbach}, C. and {Zwitter}, T. and {Arenou}, F. and
         {Bossini}, D. and {Gerssen}, J. and {G{\'o}mez}, A. and {Lemaitre}, V. and
         {Leclerc}, N. and {Morel}, T. and {Munari}, U. and {Turon}, C. and
         {Vallenari}, A. and {{\v{Z}}erjal}, M.},
        title = "{Gaia Data Release 2. Properties and validation of the radial velocities}",
      journal = {\aap},
     keywords = {techniques: spectroscopic, techniques: radial velocities, catalogs, surveys, Astrophysics - Instrumentation and Methods for Astrophysics},
         year = "2019",
        month = "Feb",
       volume = {622},
          eid = {A205},
        pages = {A205},
          doi = {10.1051/0004-6361/201833273},
archivePrefix = {arXiv},
       eprint = {1804.09372},
 primaryClass = {astro-ph.IM},
       adsurl = {https://ui.adsabs.harvard.edu/abs/2019A&A...622A.205K},
      adsnote = {Provided by the SAO/NASA Astrophysics Data System}
}



@ARTICLE{Lanzafame2018,
       author = {{Lanzafame}, A.~C. and {Distefano}, E. and {Messina}, S. and
         {Pagano}, I. and {Lanza}, A.~F. and {Eyer}, L. and {Guy}, L.~P. and
         {Rimoldini}, L. and {Lecoeur-Taibi}, I. and {Holl}, B. and
         {Audard}, M. and {de Fombelle}, G.~J. and {Nienartowicz}, K. and
         {Marchal}, O. and {Mowlavi}, N.},
        title = "{Gaia Data Release 2. Rotational modulation in late-type dwarfs}",
      journal = {\aap},
     keywords = {stars: rotation, stars: magnetic field, stars: solar-type, Galaxy: stellar content, catalogs, Astrophysics - Solar and Stellar Astrophysics},
         year = "2018",
        month = "Aug",
       volume = {616},
          eid = {A16},
        pages = {A16},
          doi = {10.1051/0004-6361/201833334},
archivePrefix = {arXiv},
       eprint = {1805.00421},
 primaryClass = {astro-ph.SR},
       adsurl = {https://ui.adsabs.harvard.edu/abs/2018A&A...616A..16L},
      adsnote = {Provided by the SAO/NASA Astrophysics Data System}
}



@ARTICLE{Holl2018,
       author = {{Holl}, B. and {Audard}, M. and {Nienartowicz}, K. and
         {Jevardat de Fombelle}, G. and {Marchal}, O. and {Mowlavi}, N. and
         {Clementini}, G. and {De Ridder}, J. and {Evans}, D.~W. and
         {Guy}, L.~P. and {Lanzafame}, A.~C. and {Lebzelter}, T. and
         {Rimoldini}, L. and {Roelens}, M. and {Zucker}, S. and {Distefano}, E. and
         {Garofalo}, A. and {Lecoeur-Ta{\"\i}bi}, I. and {Lopez}, M. and
         {Molinaro}, R. and {Muraveva}, T. and {Panahi}, A. and {Regibo}, S. and
         {Ripepi}, V. and {Sarro}, L.~M. and {Aerts}, C. and {Anderson}, R.~I. and
         {Charnas}, J. and {Barblan}, F. and {Blanco-Cuaresma}, S. and
         {Busso}, G. and {Cuypers}, J. and {De Angeli}, F. and {Glass}, F. and
         {Grenon}, M. and {Juh{\'a}sz}, {\'A}. L. and {Kochoska}, A. and
         {Koubsky}, P. and {Lanza}, A.~F. and {Leccia}, S. and {Lorenz}, D. and
         {Marconi}, M. and {Marschalk{\'o}}, G. and {Mazeh}, T. and
         {Messina}, S. and {Mignard}, F. and {Moitinho}, A. and
         {Moln{\'a}r}, L. and {Morgenthaler}, S. and {Musella}, I. and
         {Ordenovic}, C. and {Ord{\'o}{\~n}ez}, D. and {Pagano}, I. and
         {Palaversa}, L. and {Pawlak}, M. and {Plachy}, E. and {Pr{\v{s}}a}, A. and
         {Riello}, M. and {S{\"u}veges}, M. and {Szabados}, L. and
         {Szegedi-Elek}, E. and {Votruba}, V. and {Eyer}, L.},
        title = "{Gaia Data Release 2. Summary of the variability processing and analysis results}",
      journal = {\aap},
     keywords = {stars: general, stars: oscillations, stars: solar-type, stars: variables: general, Galaxy: stellar content, catalogs, Astrophysics - Solar and Stellar Astrophysics, Astrophysics - Instrumentation and Methods for Astrophysics},
         year = "2018",
        month = "Oct",
       volume = {618},
          eid = {A30},
        pages = {A30},
          doi = {10.1051/0004-6361/201832892},
archivePrefix = {arXiv},
       eprint = {1804.09373},
 primaryClass = {astro-ph.SR},
       adsurl = {https://ui.adsabs.harvard.edu/abs/2018A&A...618A..30H},
      adsnote = {Provided by the SAO/NASA Astrophysics Data System}
}



@ARTICLE{Foreman2013,
   author = {{Foreman-Mackey}, D. and {Hogg}, D.~W. and {Lang}, D. and {Goodman}, J.
	},
    title = "{emcee: The MCMC Hammer}",
  journal = {\pasp},
archivePrefix = "arXiv",
   eprint = {1202.3665},
 primaryClass = "astro-ph.IM",
     year = 2013,
    month = mar,
   volume = 125,
    pages = {306},
      doi = {10.1086/670067},
   adsurl = {https://ui.adsabs.harvard.edu/abs/2013PASP..125..306F},
  adsnote = {Provided by the SAO/NASA Astrophysics Data System}
}

@ARTICLE{Goodman2010,
       author = {{Goodman}, Jonathan and {Weare}, Jonathan},
        title = "{Ensemble samplers with affine invariance}",
      journal = {Communications in Applied Mathematics and Computational Science},
     keywords = {Markov chain Monte Carlo, affine invariance, ensemble samplers},
         year = "2010",
        month = "Jan",
       volume = {5},
       number = {1},
        pages = {65-80},
          doi = {10.2140/camcos.2010.5.65},
       adsurl = {https://ui.adsabs.harvard.edu/abs/2010CAMCS...5...65G},
      adsnote = {Provided by the SAO/NASA Astrophysics Data System}
}

@ARTICLE{Bovy2014,
   author = {{Bovy}, J. and {Nidever}, D.~L. and {Rix}, H.-W. and {Girardi}, L. and 
	{Zasowski}, G. and {Chojnowski}, S.~D. and {Holtzman}, J. and 
	{Epstein}, C. and {Frinchaboy}, P.~M. and {Hayden}, M.~R. and 
	{Rodrigues}, T.~S. and {Majewski}, S.~R. and {Johnson}, J.~A. and 
	{Pinsonneault}, M.~H. and {Stello}, D. and {Allende Prieto}, C. and 
	{Andrews}, B. and {Basu}, S. and {Beers}, T.~C. and {Bizyaev}, D. and 
	{Burton}, A. and {Chaplin}, W.~J. and {Cunha}, K. and {Elsworth}, Y. and 
	{Garc{\'{\i}}a}, R.~A. and {Garc{\'{\i}}a-Her{\'n}andez}, D.~A. and 
	{Garc{\'{\i}}a P{\'e}rez}, A.~E. and {Hearty}, F.~R. and {Hekker}, S. and 
	{Kallinger}, T. and {Kinemuchi}, K. and {Koesterke}, L. and 
	{M{\'e}sz{\'a}ros}, S. and {Mosser}, B. and {O'Connell}, R.~W. and 
	{Oravetz}, D. and {Pan}, K. and {Robin}, A.~C. and {Schiavon}, R.~P. and 
	{Schneider}, D.~P. and {Schultheis}, M. and {Serenelli}, A. and 
	{Shetrone}, M. and {Silva Aguirre}, V. and {Simmons}, A. and 
	{Skrutskie}, M. and {Smith}, V.~V. and {Stassun}, K. and {Weinberg}, D.~H. and 
	{Wilson}, J.~C. and {Zamora}, O.},
    title = "{The APOGEE Red-clump Catalog: Precise Distances, Velocities, and High-resolution Elemental Abundances over a Large Area of the Milky Way's Disk}",
  journal = {\apj},
archivePrefix = "arXiv",
   eprint = {1405.1032},
 keywords = {Galaxy: abundances, Galaxy: disk, Galaxy: stellar content, Galaxy: structure, stars: distances, stars: general},
     year = 2014,
    month = aug,
   volume = 790,
      eid = {127},
    pages = {127},
      doi = {10.1088/0004-637X/790/2/127},
   adsurl = {https://ui.adsabs.harvard.edu/abs/2014ApJ...790..127B},
  adsnote = {Provided by the SAO/NASA Astrophysics Data System}
}


@ARTICLE{Cropper2018,
       author = {{Cropper}, M. and {Katz}, D. and {Sartoretti}, P. and {Prusti}, T. and
         {de Bruijne}, J.~H.~J. and {Chassat}, F. and {Charvet}, P. and
         {Boyadjian}, J. and {Perryman}, M. and {Sarri}, G. and {Gare}, P. and
         {Erdmann}, M. and {Munari}, U. and {Zwitter}, T. and {Wilkinson}, M. and
         {Arenou}, F. and {Vallenari}, A. and {G{\'o}mez}, A. and {Panuzzo}, P. and
         {Seabroke}, G. and {Allende Prieto}, C. and {Benson}, K. and
         {Marchal}, O. and {Huckle}, H. and {Smith}, M. and {Dolding}, C. and
         {Jan{\ss}en}, K. and {Viala}, Y. and {Blomme}, R. and {Baker}, S. and
         {Boudreault}, S. and {Crifo}, F. and {Soubiran}, C. and
         {Fr{\'e}mat}, Y. and {Jasniewicz}, G. and {Guerrier}, A. and
         {Guy}, L.~P. and {Turon}, C. and {Jean-Antoine-Piccolo}, A. and
         {Th{\'e}venin}, F. and {David}, M. and {Gosset}, E. and {Damerdji}, Y.},
        title = "{Gaia Data Release 2. Gaia Radial Velocity Spectrometer}",
      journal = {\aap},
     keywords = {space vehicles: instruments, instrumentation: spectrographs, surveys, techniques: spectroscopic, techniques: radial velocities},
         year = "2018",
        month = "Aug",
       volume = {616},
          eid = {A5},
        pages = {A5},
          doi = {10.1051/0004-6361/201832763},
       adsurl = {https://ui.adsabs.harvard.edu/abs/2018A&A...616A...5C},
      adsnote = {Provided by the SAO/NASA Astrophysics Data System}
}

@ARTICLE{Gaia2018,
       author = {{Gaia Collaboration} and {Brown}, A.~G.~A. and {Vallenari}, A. and
         {Prusti}, T. and {de Bruijne}, J.~H.~J. and {Babusiaux}, C. and
         {Bailer-Jones}, C.~A.~L. and {Biermann}, M. and {Evans}, D.~W. and
         {Eyer}, L. and {Jansen}, F. and {Jordi}, C. and {Klioner}, S.~A. and
         {Lammers}, U. and {Lindegren}, L. and {Luri}, X. and {Mignard}, F. and
         {Panem}, C. and {Pourbaix}, D. and {Randich}, S. and {Sartoretti}, P. and
         {Siddiqui}, H.~I. and {Soubiran}, C. and {van Leeuwen}, F. and
         {Walton}, N.~A. and {Arenou}, F. and {Bastian}, U. and {Cropper}, M. and
         {Drimmel}, R. and {Katz}, D. and {Lattanzi}, M.~G. and {Bakker}, J. and
         {Cacciari}, C. and {Casta{\~n}eda}, J. and {Chaoul}, L. and
         {Cheek}, N. and {De Angeli}, F. and {Fabricius}, C. and {Guerra}, R. and
         {Holl}, B. and {Masana}, E. and {Messineo}, R. and {Mowlavi}, N. and
         {Nienartowicz}, K. and {Panuzzo}, P. and {Portell}, J. and
         {Riello}, M. and {Seabroke}, G.~M. and {Tanga}, P. and
         {Th{\'e}venin}, F. and {Gracia-Abril}, G. and {Comoretto}, G. and
         {Garcia-Reinaldos}, M. and {Teyssier}, D. and {Altmann}, M. and
         {Andrae}, R. and {Audard}, M. and {Bellas-Velidis}, I. and
         {Benson}, K. and {Berthier}, J. and {Blomme}, R. and {Burgess}, P. and
         {Busso}, G. and {Carry}, B. and {Cellino}, A. and {Clementini}, G. and
         {Clotet}, M. and {Creevey}, O. and {Davidson}, M. and {De Ridder}, J. and
         {Delchambre}, L. and {Dell'Oro}, A. and {Ducourant}, C. and
         {Fern{\'a}ndez-Hern{\'a}ndez}, J. and {Fouesneau}, M. and
         {Fr{\'e}mat}, Y. and {Galluccio}, L. and {Garc{\'\i}a-Torres}, M. and
         {Gonz{\'a}lez-N{\'u}{\~n}ez}, J. and {Gonz{\'a}lez-Vidal}, J.~J. and
         {Gosset}, E. and {Guy}, L.~P. and {Halbwachs}, J. -L. and
         {Hambly}, N.~C. and {Harrison}, D.~L. and {Hern{\'a}ndez}, J. and
         {Hestroffer}, D. and {Hodgkin}, S.~T. and {Hutton}, A. and
         {Jasniewicz}, G. and {Jean-Antoine-Piccolo}, A. and {Jordan}, S. and
         {Korn}, A.~J. and {Krone-Martins}, A. and {Lanzafame}, A.~C. and
         {Lebzelter}, T. and {L{\"o}ffler}, W. and {Manteiga}, M. and
         {Marrese}, P.~M. and {Mart{\'\i}n-Fleitas}, J.~M. and {Moitinho}, A. and
         {Mora}, A. and {Muinonen}, K. and {Osinde}, J. and {Pancino}, E. and
         {Pauwels}, T. and {Petit}, J. -M. and {Recio-Blanco}, A. and
         {Richards}, P.~J. and {Rimoldini}, L. and {Robin}, A.~C. and
         {Sarro}, L.~M. and {Siopis}, C. and {Smith}, M. and {Sozzetti}, A. and
         {S{\"u}veges}, M. and {Torra}, J. and {van Reeven}, W. and {Abbas}, U. and
         {Abreu Aramburu}, A. and {Accart}, S. and {Aerts}, C. and
         {Altavilla}, G. and {{\'A}lvarez}, M.~A. and {Alvarez}, R. and
         {Alves}, J. and {Anderson}, R.~I. and {Andrei}, A.~H. and
         {Anglada Varela}, E. and {Antiche}, E. and {Antoja}, T. and
         {Arcay}, B. and {Astraatmadja}, T.~L. and {Bach}, N. and
         {Baker}, S.~G. and {Balaguer-N{\'u}{\~n}ez}, L. and {Balm}, P. and
         {Barache}, C. and {Barata}, C. and {Barbato}, D. and {Barblan}, F. and
         {Barklem}, P.~S. and {Barrado}, D. and {Barros}, M. and
         {Barstow}, M.~A. and {Bartholom{\'e} Mu{\~n}oz}, S. and
         {Bassilana}, J. -L. and {Becciani}, U. and {Bellazzini}, M. and
         {Berihuete}, A. and {Bertone}, S. and {Bianchi}, L. and
         {Bienaym{\'e}}, O. and {Blanco-Cuaresma}, S. and {Boch}, T. and
         {Boeche}, C. and {Bombrun}, A. and {Borrachero}, R. and {Bossini}, D. and
         {Bouquillon}, S. and {Bourda}, G. and {Bragaglia}, A. and
         {Bramante}, L. and {Breddels}, M.~A. and {Bressan}, A. and
         {Brouillet}, N. and {Br{\"u}semeister}, T. and {Brugaletta}, E. and
         {Bucciarelli}, B. and {Burlacu}, A. and {Busonero}, D. and
         {Butkevich}, A.~G. and {Buzzi}, R. and {Caffau}, E. and
         {Cancelliere}, R. and {Cannizzaro}, G. and {Cantat-Gaudin}, T. and
         {Carballo}, R. and {Carlucci}, T. and {Carrasco}, J.~M. and
         {Casamiquela}, L. and {Castellani}, M. and {Castro-Ginard}, A. and
         {Charlot}, P. and {Chemin}, L. and {Chiavassa}, A. and {Cocozza}, G. and
         {Costigan}, G. and {Cowell}, S. and {Crifo}, F. and {Crosta}, M. and
         {Crowley}, C. and {Cuypers}, J. and {Dafonte}, C. and {Damerdji}, Y. and
         {Dapergolas}, A. and {David}, P. and {David}, M. and {de Laverny}, P. and
         {De Luise}, F. and {De March}, R. and {de Martino}, D. and
         {de Souza}, R. and {de Torres}, A. and {Debosscher}, J. and
         {del Pozo}, E. and {Delbo}, M. and {Delgado}, A. and {Delgado}, H.~E. and
         {Di Matteo}, P. and {Diakite}, S. and {Diener}, C. and {Distefano}, E. and
         {Dolding}, C. and {Drazinos}, P. and {Dur{\'a}n}, J. and
         {Edvardsson}, B. and {Enke}, H. and {Eriksson}, K. and {Esquej}, P. and
         {Eynard Bontemps}, G. and {Fabre}, C. and {Fabrizio}, M. and
         {Faigler}, S. and {Falc{\~a}o}, A.~J. and {Farr{\`a}s Casas}, M. and
         {Federici}, L. and {Fedorets}, G. and {Fernique}, P. and
         {Figueras}, F. and {Filippi}, F. and {Findeisen}, K. and {Fonti}, A. and
         {Fraile}, E. and {Fraser}, M. and {Fr{\'e}zouls}, B. and {Gai}, M. and
         {Galleti}, S. and {Garabato}, D. and {Garc{\'\i}a-Sedano}, F. and
         {Garofalo}, A. and {Garralda}, N. and {Gavel}, A. and {Gavras}, P. and
         {Gerssen}, J. and {Geyer}, R. and {Giacobbe}, P. and {Gilmore}, G. and
         {Girona}, S. and {Giuffrida}, G. and {Glass}, F. and {Gomes}, M. and
         {Granvik}, M. and {Gueguen}, A. and {Guerrier}, A. and {Guiraud}, J. and
         {Guti{\'e}rrez-S{\'a}nchez}, R. and {Haigron}, R. and
         {Hatzidimitriou}, D. and {Hauser}, M. and {Haywood}, M. and
         {Heiter}, U. and {Helmi}, A. and {Heu}, J. and {Hilger}, T. and
         {Hobbs}, D. and {Hofmann}, W. and {Holland}, G. and {Huckle}, H.~E. and
         {Hypki}, A. and {Icardi}, V. and {Jan{\ss}en}, K. and
         {Jevardat de Fombelle}, G. and {Jonker}, P.~G. and
         {Juh{\'a}sz}, {\'A}. L. and {Julbe}, F. and {Karampelas}, A. and
         {Kewley}, A. and {Klar}, J. and {Kochoska}, A. and {Kohley}, R. and
         {Kolenberg}, K. and {Kontizas}, M. and {Kontizas}, E. and
         {Koposov}, S.~E. and {Kordopatis}, G. and {Kostrzewa-Rutkowska}, Z. and
         {Koubsky}, P. and {Lambert}, S. and {Lanza}, A.~F. and {Lasne}, Y. and
         {Lavigne}, J. -B. and {Le Fustec}, Y. and {Le Poncin-Lafitte}, C. and
         {Lebreton}, Y. and {Leccia}, S. and {Leclerc}, N. and
         {Lecoeur-Taibi}, I. and {Lenhardt}, H. and {Leroux}, F. and {Liao}, S. and
         {Licata}, E. and {Lindstr{\o}m}, H.~E.~P. and {Lister}, T.~A. and
         {Livanou}, E. and {Lobel}, A. and {L{\'o}pez}, M. and {Managau}, S. and
         {Mann}, R.~G. and {Mantelet}, G. and {Marchal}, O. and
         {Marchant}, J.~M. and {Marconi}, M. and {Marinoni}, S. and
         {Marschalk{\'o}}, G. and {Marshall}, D.~J. and {Martino}, M. and
         {Marton}, G. and {Mary}, N. and {Massari}, D. and
         {Matijevi{\v{c}}}, G. and {Mazeh}, T. and {McMillan}, P.~J. and
         {Messina}, S. and {Michalik}, D. and {Millar}, N.~R. and {Molina}, D. and
         {Molinaro}, R. and {Moln{\'a}r}, L. and {Montegriffo}, P. and
         {Mor}, R. and {Morbidelli}, R. and {Morel}, T. and {Morris}, D. and
         {Mulone}, A.~F. and {Muraveva}, T. and {Musella}, I. and
         {Nelemans}, G. and {Nicastro}, L. and {Noval}, L. and {O'Mullane}, W. and
         {Ord{\'e}novic}, C. and {Ord{\'o}{\~n}ez-Blanco}, D. and {Osborne}, P. and
         {Pagani}, C. and {Pagano}, I. and {Pailler}, F. and {Palacin}, H. and
         {Palaversa}, L. and {Panahi}, A. and {Pawlak}, M. and
         {Piersimoni}, A.~M. and {Pineau}, F. -X. and {Plachy}, E. and
         {Plum}, G. and {Poggio}, E. and {Poujoulet}, E. and {Pr{\v{s}}a}, A. and
         {Pulone}, L. and {Racero}, E. and {Ragaini}, S. and {Rambaux}, N. and
         {Ramos-Lerate}, M. and {Regibo}, S. and {Reyl{\'e}}, C. and
         {Riclet}, F. and {Ripepi}, V. and {Riva}, A. and {Rivard}, A. and
         {Rixon}, G. and {Roegiers}, T. and {Roelens}, M. and
         {Romero-G{\'o}mez}, M. and {Rowell}, N. and {Royer}, F. and
         {Ruiz-Dern}, L. and {Sadowski}, G. and {Sagrist{\`a} Sell{\'e}s}, T. and
         {Sahlmann}, J. and {Salgado}, J. and {Salguero}, E. and {Sanna}, N. and
         {Santana-Ros}, T. and {Sarasso}, M. and {Savietto}, H. and
         {Schultheis}, M. and {Sciacca}, E. and {Segol}, M. and
         {Segovia}, J.~C. and {S{\'e}gransan}, D. and {Shih}, I. -C. and
         {Siltala}, L. and {Silva}, A.~F. and {Smart}, R.~L. and {Smith}, K.~W. and
         {Solano}, E. and {Solitro}, F. and {Sordo}, R. and {Soria Nieto}, S. and
         {Souchay}, J. and {Spagna}, A. and {Spoto}, F. and {Stampa}, U. and
         {Steele}, I.~A. and {Steidelm{\"u}ller}, H. and {Stephenson}, C.~A. and
         {Stoev}, H. and {Suess}, F.~F. and {Surdej}, J. and {Szabados}, L. and
         {Szegedi-Elek}, E. and {Tapiador}, D. and {Taris}, F. and {Tauran}, G. and
         {Taylor}, M.~B. and {Teixeira}, R. and {Terrett}, D. and {Teyssand
        ier}, P. and {Thuillot}, W. and {Titarenko}, A. and {Torra Clotet}, F. and
         {Turon}, C. and {Ulla}, A. and {Utrilla}, E. and {Uzzi}, S. and
         {Vaillant}, M. and {Valentini}, G. and {Valette}, V. and
         {van Elteren}, A. and {Van Hemelryck}, E. and {van Leeuwen}, M. and
         {Vaschetto}, M. and {Vecchiato}, A. and {Veljanoski}, J. and
         {Viala}, Y. and {Vicente}, D. and {Vogt}, S. and {von Essen}, C. and
         {Voss}, H. and {Votruba}, V. and {Voutsinas}, S. and {Walmsley}, G. and
         {Weiler}, M. and {Wertz}, O. and {Wevers}, T. and {Wyrzykowski}, {\L}. and
         {Yoldas}, A. and {{\v{Z}}erjal}, M. and {Ziaeepour}, H. and
         {Zorec}, J. and {Zschocke}, S. and {Zucker}, S. and {Zurbach}, C. and
         {Zwitter}, T.},
        title = "{Gaia Data Release 2. Summary of the contents and survey properties}",
      journal = {\aap},
     keywords = {catalogs, astrometry, techniques: radial velocities, stars: fundamental parameters, stars: variables: general, minor planets, asteroids: general, Astrophysics - Astrophysics of Galaxies, Astrophysics - Instrumentation and Methods for Astrophysics},
         year = "2018",
        month = "Aug",
       volume = {616},
          eid = {A1},
        pages = {A1},
          doi = {10.1051/0004-6361/201833051},
archivePrefix = {arXiv},
       eprint = {1804.09365},
 primaryClass = {astro-ph.GA},
       adsurl = {https://ui.adsabs.harvard.edu/abs/2018A&A...616A...1G},
      adsnote = {Provided by the SAO/NASA Astrophysics Data System}
}

@ARTICLE{Gaia2016,
       author = {{Gaia Collaboration} and {Prusti}, T. and {de Bruijne}, J.~H.~J. and
         {Brown}, A.~G.~A. and {Vallenari}, A. and {Babusiaux}, C. and
         {Bailer-Jones}, C.~A.~L. and {Bastian}, U. and {Biermann}, M. and
         {Evans}, D.~W. and {Eyer}, L. and {Jansen}, F. and {Jordi}, C. and
         {Klioner}, S.~A. and {Lammers}, U. and {Lindegren}, L. and {Luri}, X. and
         {Mignard}, F. and {Milligan}, D.~J. and {Panem}, C. and
         {Poinsignon}, V. and {Pourbaix}, D. and {Randich}, S. and {Sarri}, G. and
         {Sartoretti}, P. and {Siddiqui}, H.~I. and {Soubiran}, C. and
         {Valette}, V. and {van Leeuwen}, F. and {Walton}, N.~A. and
         {Aerts}, C. and {Arenou}, F. and {Cropper}, M. and {Drimmel}, R. and
         {H{\o}g}, E. and {Katz}, D. and {Lattanzi}, M.~G. and {O'Mullane}, W. and
         {Grebel}, E.~K. and {Holland}, A.~D. and {Huc}, C. and {Passot}, X. and
         {Bramante}, L. and {Cacciari}, C. and {Casta{\~n}eda}, J. and
         {Chaoul}, L. and {Cheek}, N. and {De Angeli}, F. and {Fabricius}, C. and
         {Guerra}, R. and {Hern{\'a}ndez}, J. and {Jean-Antoine-Piccolo}, A. and
         {Masana}, E. and {Messineo}, R. and {Mowlavi}, N. and
         {Nienartowicz}, K. and {Ord{\'o}{\~n}ez-Blanco}, D. and {Panuzzo}, P. and
         {Portell}, J. and {Richards}, P.~J. and {Riello}, M. and
         {Seabroke}, G.~M. and {Tanga}, P. and {Th{\'e}venin}, F. and
         {Torra}, J. and {Els}, S.~G. and {Gracia-Abril}, G. and
         {Comoretto}, G. and {Garcia-Reinaldos}, M. and {Lock}, T. and
         {Mercier}, E. and {Altmann}, M. and {Andrae}, R. and
         {Astraatmadja}, T.~L. and {Bellas-Velidis}, I. and {Benson}, K. and
         {Berthier}, J. and {Blomme}, R. and {Busso}, G. and {Carry}, B. and
         {Cellino}, A. and {Clementini}, G. and {Cowell}, S. and {Creevey}, O. and
         {Cuypers}, J. and {Davidson}, M. and {De Ridder}, J. and
         {de Torres}, A. and {Delchambre}, L. and {Dell'Oro}, A. and
         {Ducourant}, C. and {Fr{\'e}mat}, Y. and {Garc{\'\i}a-Torres}, M. and
         {Gosset}, E. and {Halbwachs}, J. -L. and {Hambly}, N.~C. and
         {Harrison}, D.~L. and {Hauser}, M. and {Hestroffer}, D. and
         {Hodgkin}, S.~T. and {Huckle}, H.~E. and {Hutton}, A. and
         {Jasniewicz}, G. and {Jordan}, S. and {Kontizas}, M. and {Korn}, A.~J. and
         {Lanzafame}, A.~C. and {Manteiga}, M. and {Moitinho}, A. and
         {Muinonen}, K. and {Osinde}, J. and {Pancino}, E. and {Pauwels}, T. and
         {Petit}, J. -M. and {Recio-Blanco}, A. and {Robin}, A.~C. and
         {Sarro}, L.~M. and {Siopis}, C. and {Smith}, M. and {Smith}, K.~W. and
         {Sozzetti}, A. and {Thuillot}, W. and {van Reeven}, W. and {Viala}, Y. and
         {Abbas}, U. and {Abreu Aramburu}, A. and {Accart}, S. and
         {Aguado}, J.~J. and {Allan}, P.~M. and {Allasia}, W. and
         {Altavilla}, G. and {{\'A}lvarez}, M.~A. and {Alves}, J. and
         {Anderson}, R.~I. and {Andrei}, A.~H. and {Anglada Varela}, E. and
         {Antiche}, E. and {Antoja}, T. and {Ant{\'o}n}, S. and {Arcay}, B. and
         {Atzei}, A. and {Ayache}, L. and {Bach}, N. and {Baker}, S.~G. and
         {Balaguer-N{\'u}{\~n}ez}, L. and {Barache}, C. and {Barata}, C. and
         {Barbier}, A. and {Barblan}, F. and {Baroni}, M. and
         {Barrado y Navascu{\'e}s}, D. and {Barros}, M. and {Barstow}, M.~A. and
         {Becciani}, U. and {Bellazzini}, M. and {Bellei}, G. and
         {Bello Garc{\'\i}a}, A. and {Belokurov}, V. and {Bendjoya}, P. and
         {Berihuete}, A. and {Bianchi}, L. and {Bienaym{\'e}}, O. and
         {Billebaud}, F. and {Blagorodnova}, N. and {Blanco-Cuaresma}, S. and
         {Boch}, T. and {Bombrun}, A. and {Borrachero}, R. and {Bouquillon}, S. and
         {Bourda}, G. and {Bouy}, H. and {Bragaglia}, A. and {Breddels}, M.~A. and
         {Brouillet}, N. and {Br{\"u}semeister}, T. and {Bucciarelli}, B. and
         {Budnik}, F. and {Burgess}, P. and {Burgon}, R. and {Burlacu}, A. and
         {Busonero}, D. and {Buzzi}, R. and {Caffau}, E. and {Cambras}, J. and
         {Campbell}, H. and {Cancelliere}, R. and {Cantat-Gaudin}, T. and
         {Carlucci}, T. and {Carrasco}, J.~M. and {Castellani}, M. and
         {Charlot}, P. and {Charnas}, J. and {Charvet}, P. and {Chassat}, F. and
         {Chiavassa}, A. and {Clotet}, M. and {Cocozza}, G. and
         {Collins}, R.~S. and {Collins}, P. and {Costigan}, G. and {Crifo}, F. and
         {Cross}, N.~J.~G. and {Crosta}, M. and {Crowley}, C. and {Dafonte}, C. and
         {Damerdji}, Y. and {Dapergolas}, A. and {David}, P. and {David}, M. and
         {De Cat}, P. and {de Felice}, F. and {de Laverny}, P. and
         {De Luise}, F. and {De March}, R. and {de Martino}, D. and
         {de Souza}, R. and {Debosscher}, J. and {del Pozo}, E. and {Delbo}, M. and
         {Delgado}, A. and {Delgado}, H.~E. and {di Marco}, F. and
         {Di Matteo}, P. and {Diakite}, S. and {Distefano}, E. and
         {Dolding}, C. and {Dos Anjos}, S. and {Drazinos}, P. and
         {Dur{\'a}n}, J. and {Dzigan}, Y. and {Ecale}, E. and {Edvardsson}, B. and
         {Enke}, H. and {Erdmann}, M. and {Escolar}, D. and {Espina}, M. and
         {Evans}, N.~W. and {Eynard Bontemps}, G. and {Fabre}, C. and
         {Fabrizio}, M. and {Faigler}, S. and {Falc{\~a}o}, A.~J. and
         {Farr{\`a}s Casas}, M. and {Faye}, F. and {Federici}, L. and
         {Fedorets}, G. and {Fern{\'a}ndez-Hern{\'a}ndez}, J. and
         {Fernique}, P. and {Fienga}, A. and {Figueras}, F. and {Filippi}, F. and
         {Findeisen}, K. and {Fonti}, A. and {Fouesneau}, M. and {Fraile}, E. and
         {Fraser}, M. and {Fuchs}, J. and {Furnell}, R. and {Gai}, M. and
         {Galleti}, S. and {Galluccio}, L. and {Garabato}, D. and
         {Garc{\'\i}a-Sedano}, F. and {Gar{\'e}}, P. and {Garofalo}, A. and
         {Garralda}, N. and {Gavras}, P. and {Gerssen}, J. and {Geyer}, R. and
         {Gilmore}, G. and {Girona}, S. and {Giuffrida}, G. and {Gomes}, M. and
         {Gonz{\'a}lez-Marcos}, A. and {Gonz{\'a}lez-N{\'u}{\~n}ez}, J. and
         {Gonz{\'a}lez-Vidal}, J.~J. and {Granvik}, M. and {Guerrier}, A. and
         {Guillout}, P. and {Guiraud}, J. and {G{\'u}rpide}, A. and
         {Guti{\'e}rrez-S{\'a}nchez}, R. and {Guy}, L.~P. and {Haigron}, R. and
         {Hatzidimitriou}, D. and {Haywood}, M. and {Heiter}, U. and
         {Helmi}, A. and {Hobbs}, D. and {Hofmann}, W. and {Holl}, B. and {Holland
        }, G. and {Hunt}, J.~A.~S. and {Hypki}, A. and {Icardi}, V. and
         {Irwin}, M. and {Jevardat de Fombelle}, G. and {Jofr{\'e}}, P. and
         {Jonker}, P.~G. and {Jorissen}, A. and {Julbe}, F. and
         {Karampelas}, A. and {Kochoska}, A. and {Kohley}, R. and
         {Kolenberg}, K. and {Kontizas}, E. and {Koposov}, S.~E. and
         {Kordopatis}, G. and {Koubsky}, P. and {Kowalczyk}, A. and
         {Krone-Martins}, A. and {Kudryashova}, M. and {Kull}, I. and
         {Bachchan}, R.~K. and {Lacoste-Seris}, F. and {Lanza}, A.~F. and
         {Lavigne}, J. -B. and {Le Poncin-Lafitte}, C. and {Lebreton}, Y. and
         {Lebzelter}, T. and {Leccia}, S. and {Leclerc}, N. and
         {Lecoeur-Taibi}, I. and {Lemaitre}, V. and {Lenhardt}, H. and
         {Leroux}, F. and {Liao}, S. and {Licata}, E. and
         {Lindstr{\o}m}, H.~E.~P. and {Lister}, T.~A. and {Livanou}, E. and
         {Lobel}, A. and {L{\"o}ffler}, W. and {L{\'o}pez}, M. and
         {Lopez-Lozano}, A. and {Lorenz}, D. and {Loureiro}, T. and
         {MacDonald}, I. and {Magalh{\~a}es Fernandes}, T. and {Managau}, S. and
         {Mann}, R.~G. and {Mantelet}, G. and {Marchal}, O. and
         {Marchant}, J.~M. and {Marconi}, M. and {Marie}, J. and {Marinoni}, S. and
         {Marrese}, P.~M. and {Marschalk{\'o}}, G. and {Marshall}, D.~J. and
         {Mart{\'\i}n-Fleitas}, J.~M. and {Martino}, M. and {Mary}, N. and
         {Matijevi{\v{c}}}, G. and {Mazeh}, T. and {McMillan}, P.~J. and
         {Messina}, S. and {Mestre}, A. and {Michalik}, D. and {Millar}, N.~R. and
         {Miranda}, B.~M.~H. and {Molina}, D. and {Molinaro}, R. and
         {Molinaro}, M. and {Moln{\'a}r}, L. and {Moniez}, M. and
         {Montegriffo}, P. and {Monteiro}, D. and {Mor}, R. and {Mora}, A. and
         {Morbidelli}, R. and {Morel}, T. and {Morgenthaler}, S. and
         {Morley}, T. and {Morris}, D. and {Mulone}, A.~F. and {Muraveva}, T. and
         {Musella}, I. and {Narbonne}, J. and {Nelemans}, G. and {Nicastro}, L. and
         {Noval}, L. and {Ord{\'e}novic}, C. and {Ordieres-Mer{\'e}}, J. and
         {Osborne}, P. and {Pagani}, C. and {Pagano}, I. and {Pailler}, F. and
         {Palacin}, H. and {Palaversa}, L. and {Parsons}, P. and {Paulsen}, T. and
         {Pecoraro}, M. and {Pedrosa}, R. and {Pentik{\"a}inen}, H. and
         {Pereira}, J. and {Pichon}, B. and {Piersimoni}, A.~M. and
         {Pineau}, F. -X. and {Plachy}, E. and {Plum}, G. and {Poujoulet}, E. and
         {Pr{\v{s}}a}, A. and {Pulone}, L. and {Ragaini}, S. and {Rago}, S. and
         {Rambaux}, N. and {Ramos-Lerate}, M. and {Ranalli}, P. and {Rauw}, G. and
         {Read}, A. and {Regibo}, S. and {Renk}, F. and {Reyl{\'e}}, C. and
         {Ribeiro}, R.~A. and {Rimoldini}, L. and {Ripepi}, V. and {Riva}, A. and
         {Rixon}, G. and {Roelens}, M. and {Romero-G{\'o}mez}, M. and
         {Rowell}, N. and {Royer}, F. and {Rudolph}, A. and {Ruiz-Dern}, L. and
         {Sadowski}, G. and {Sagrist{\`a} Sell{\'e}s}, T. and {Sahlmann}, J. and
         {Salgado}, J. and {Salguero}, E. and {Sarasso}, M. and {Savietto}, H. and
         {Schnorhk}, A. and {Schultheis}, M. and {Sciacca}, E. and {Segol}, M. and
         {Segovia}, J.~C. and {Segransan}, D. and {Serpell}, E. and
         {Shih}, I. -C. and {Smareglia}, R. and {Smart}, R.~L. and {Smith}, C. and
         {Solano}, E. and {Solitro}, F. and {Sordo}, R. and {Soria Nieto}, S. and
         {Souchay}, J. and {Spagna}, A. and {Spoto}, F. and {Stampa}, U. and
         {Steele}, I.~A. and {Steidelm{\"u}ller}, H. and {Stephenson}, C.~A. and
         {Stoev}, H. and {Suess}, F.~F. and {S{\"u}veges}, M. and {Surdej}, J. and
         {Szabados}, L. and {Szegedi-Elek}, E. and {Tapiador}, D. and
         {Taris}, F. and {Tauran}, G. and {Taylor}, M.~B. and {Teixeira}, R. and
         {Terrett}, D. and {Tingley}, B. and {Trager}, S.~C. and {Turon}, C. and
         {Ulla}, A. and {Utrilla}, E. and {Valentini}, G. and {van Elteren}, A. and
         {Van Hemelryck}, E. and {van Leeuwen}, M. and {Varadi}, M. and
         {Vecchiato}, A. and {Veljanoski}, J. and {Via}, T. and {Vicente}, D. and
         {Vogt}, S. and {Voss}, H. and {Votruba}, V. and {Voutsinas}, S. and
         {Walmsley}, G. and {Weiler}, M. and {Weingrill}, K. and {Werner}, D. and
         {Wevers}, T. and {Whitehead}, G. and {Wyrzykowski}, {\L}. and
         {Yoldas}, A. and {{\v{Z}}erjal}, M. and {Zucker}, S. and {Zurbach}, C. and
         {Zwitter}, T. and {Alecu}, A. and {Allen}, M. and {Allende Prieto}, C. and
         {Amorim}, A. and {Anglada-Escud{\'e}}, G. and {Arsenijevic}, V. and
         {Azaz}, S. and {Balm}, P. and {Beck}, M. and {Bernstein}, H. -H. and
         {Bigot}, L. and {Bijaoui}, A. and {Blasco}, C. and {Bonfigli}, M. and
         {Bono}, G. and {Boudreault}, S. and {Bressan}, A. and {Brown}, S. and
         {Brunet}, P. -M. and {Bunclark}, P. and {Buonanno}, R. and
         {Butkevich}, A.~G. and {Carret}, C. and {Carrion}, C. and {Chemin}, L. and
         {Ch{\'e}reau}, F. and {Corcione}, L. and {Darmigny}, E. and
         {de Boer}, K.~S. and {de Teodoro}, P. and {de Zeeuw}, P.~T. and
         {Delle Luche}, C. and {Domingues}, C.~D. and {Dubath}, P. and
         {Fodor}, F. and {Fr{\'e}zouls}, B. and {Fries}, A. and {Fustes}, D. and
         {Fyfe}, D. and {Gallardo}, E. and {Gallegos}, J. and {Gardiol}, D. and
         {Gebran}, M. and {Gomboc}, A. and {G{\'o}mez}, A. and {Grux}, E. and
         {Gueguen}, A. and {Heyrovsky}, A. and {Hoar}, J. and {Iannicola}, G. and
         {Isasi Parache}, Y. and {Janotto}, A. -M. and {Joliet}, E. and
         {Jonckheere}, A. and {Keil}, R. and {Kim}, D. -W. and {Klagyivik}, P. and
         {Klar}, J. and {Knude}, J. and {Kochukhov}, O. and {Kolka}, I. and
         {Kos}, J. and {Kutka}, A. and {Lainey}, V. and {LeBouquin}, D. and
         {Liu}, C. and {Loreggia}, D. and {Makarov}, V.~V. and
         {Marseille}, M.~G. and {Martayan}, C. and {Martinez-Rubi}, O. and
         {Massart}, B. and {Meynadier}, F. and {Mignot}, S. and {Munari}, U. and
         {Nguyen}, A. -T. and {Nordlander}, T. and {Ocvirk}, P. and
         {O'Flaherty}, K.~S. and {Olias Sanz}, A. and {Ortiz}, P. and
         {Osorio}, J. and {Oszkiewicz}, D. and {Ouzounis}, A. and {Palmer}, M. and
         {Park}, P. and {Pasquato}, E. and {Peltzer}, C. and {Peralta}, J. and
         {P{\'e}turaud}, F. and {Pieniluoma}, T. and {Pigozzi}, E. and
         {Poels}, J. and {Prat}, G. and {Prod'homme}, T. and {Raison}, F. and
         {Rebordao}, J.~M. and {Risquez}, D. and {Rocca-Volmerange}, B. and
         {Rosen}, S. and {Ruiz-Fuertes}, M.~I. and {Russo}, F. and {Sembay}, S. and
         {Serraller Vizcaino}, I. and {Short}, A. and {Siebert}, A. and
         {Silva}, H. and {Sinachopoulos}, D. and {Slezak}, E. and {Soffel}, M. and
         {Sosnowska}, D. and {Strai{\v{z}}ys}, V. and {ter Linden}, M. and
         {Terrell}, D. and {Theil}, S. and {Tiede}, C. and {Troisi}, L. and
         {Tsalmantza}, P. and {Tur}, D. and {Vaccari}, M. and {Vachier}, F. and
         {Valles}, P. and {Van Hamme}, W. and {Veltz}, L. and {Virtanen}, J. and
         {Wallut}, J. -M. and {Wichmann}, R. and {Wilkinson}, M.~I. and
         {Ziaeepour}, H. and {Zschocke}, S.},
        title = "{The Gaia mission}",
      journal = {\aap},
     keywords = {space vehicles: instruments, Galaxy: structure, astrometry, parallaxes, proper motions, telescopes, Astrophysics - Instrumentation and Methods for Astrophysics},
         year = "2016",
        month = "Nov",
       volume = {595},
          eid = {A1},
        pages = {A1},
          doi = {10.1051/0004-6361/201629272},
archivePrefix = {arXiv},
       eprint = {1609.04153},
 primaryClass = {astro-ph.IM},
       adsurl = {https://ui.adsabs.harvard.edu/abs/2016A&A...595A...1G},
      adsnote = {Provided by the SAO/NASA Astrophysics Data System}
}

@INPROCEEDINGS{Rygl2010,
       author = {{Rygl}, K. and {Brunthaler}, A. and {Menten}, K.~M. and {Reid}, M.~J. and
         {van Langevelde}, H.~J. and {Honma}, M. and {Torstensson}, K. and
         {Fujisawa}, K. and {Sanna}, A.},
        title = "{A preliminary distance to W75N in the Cygnus X star-forming region}",
     keywords = {Astrophysics - Astrophysics of Galaxies},
    booktitle = {10th European VLBI Network Symposium and EVN Users Meeting: VLBI and the New Generation of Radio Arrays},
         year = "2010",
       volume = {10},
        month = "Jan",
          eid = {103},
        pages = {103},
archivePrefix = {arXiv},
       eprint = {1011.5042},
 primaryClass = {astro-ph.GA},
       adsurl = {https://ui.adsabs.harvard.edu/abs/2010evn..confE.103R},
      adsnote = {Provided by the SAO/NASA Astrophysics Data System}
}



@ARTICLE{Rybizki2018,
       author = {{Rybizki}, Jan and {Demleitner}, Markus and {Fouesneau}, Morgan and
         {Bailer-Jones}, Coryn and {Rix}, Hans-Walter and {Andrae}, Ren{\'e}},
        title = "{A Gaia DR2 Mock Stellar Catalog}",
      journal = {\pasp},
     keywords = {Astrophysics - Astrophysics of Galaxies, Astrophysics - Instrumentation and Methods for Astrophysics, Astrophysics - Solar and Stellar Astrophysics},
         year = "2018",
        month = "Jul",
       volume = {130},
       number = {989},
        pages = {074101},
          doi = {10.1088/1538-3873/aabd70},
archivePrefix = {arXiv},
       eprint = {1804.01427},
 primaryClass = {astro-ph.GA},
       adsurl = {https://ui.adsabs.harvard.edu/abs/2018PASP..130g4101R},
      adsnote = {Provided by the SAO/NASA Astrophysics Data System}
}

@ARTICLE{2019MNRAS.tmp..280B,
   author = {{Boubert}, D. and {Strader}, J. and {Aguado}, D. and {Seabroke}, G. and 
	{Koposov}, S.~E. and {Sanders}, J.~L. and {Swihart}, S. and 
	{Chomiuk}, L. and {Evans}, N.~W.},
    title = "{Lessons from the curious case of the `fastest' star in Gaia DR2}",
  journal = {\mnras},
 keywords = {stars: kinematics and dynamics, binaries: general},
     year = 2019,
    month = jan,
      doi = {10.1093/mnras/stz253},
   adsurl = {http://adsabs.harvard.edu/abs/2019MNRAS.tmp..280B},
  adsnote = {Provided by the SAO/NASA Astrophysics Data System}
}

@ARTICLE{2019A&A...622A.205K,
   author = {{Katz}, D. and {Sartoretti}, P. and {Cropper}, M. and {Panuzzo}, P. and 
	{Seabroke}, G.~M. and {Viala}, Y. and {Benson}, K. and {Blomme}, R. and 
	{Jasniewicz}, G. and {Jean-Antoine}, A. and {Huckle}, H. and 
	{Smith}, M. and {Baker}, S. and {Crifo}, F. and {Damerdji}, Y. and 
	{David}, M. and {Dolding}, C. and {Fr{\'e}mat}, Y. and {Gosset}, E. and 
	{Guerrier}, A. and {Guy}, L.~P. and {Haigron}, R. and {Jan{\ss}en}, K. and 
	{Marchal}, O. and {Plum}, G. and {Soubiran}, C. and {Th{\'e}venin}, F. and 
	{Ajaj}, M. and {Allende Prieto}, C. and {Babusiaux}, C. and 
	{Boudreault}, S. and {Chemin}, L. and {Delle Luche}, C. and 
	{Fabre}, C. and {Gueguen}, A. and {Hambly}, N.~C. and {Lasne}, Y. and 
	{Meynadier}, F. and {Pailler}, F. and {Panem}, C. and {Royer}, F. and 
	{Tauran}, G. and {Zurbach}, C. and {Zwitter}, T. and {Arenou}, F. and 
	{Bossini}, D. and {Gerssen}, J. and {G{\'o}mez}, A. and {Lemaitre}, V. and 
	{Leclerc}, N. and {Morel}, T. and {Munari}, U. and {Turon}, C. and 
	{Vallenari}, A. and {{\v Z}erjal}, M.},
    title = "{Gaia Data Release 2. Properties and validation of the radial velocities}",
  journal = {\aap},
archivePrefix = "arXiv",
   eprint = {1804.09372},
 primaryClass = "astro-ph.IM",
 keywords = {techniques: spectroscopic, techniques: radial velocities, catalogs, surveys},
     year = 2019,
    month = feb,
   volume = 622,
      eid = {A205},
    pages = {A205},
      doi = {10.1051/0004-6361/201833273},
   adsurl = {http://adsabs.harvard.edu/abs/2019A%26A...622A.205K},
  adsnote = {Provided by the SAO/NASA Astrophysics Data System}
}

@ARTICLE{Katz2018,
       author = {{Gaia Collaboration} and {Katz}, D. and {Antoja}, T. and
         {Romero-G{\'o}mez}, M. and {Drimmel}, R. and {Reyl{\'e}}, C. and
         {Seabroke}, G.~M. and {Soubiran}, C. and {Babusiaux}, C. and
         {Di Matteo}, P.},
        title = "{Gaia Data Release 2. Mapping the Milky Way disc kinematics}",
      journal = {\aap},
     keywords = {Galaxy: kinematics and dynamics - Galaxy: disk - solar neighborhood, Astrophysics - Astrophysics of Galaxies},
         year = "2018",
        month = "Aug",
       volume = {616},
          eid = {A11},
        pages = {A11},
          doi = {10.1051/0004-6361/201832865},
archivePrefix = {arXiv},
       eprint = {1804.09380},
 primaryClass = {astro-ph.GA},
       adsurl = {https://ui.adsabs.harvard.edu/abs/2018A&A...616A..11G},
      adsnote = {Provided by the SAO/NASA Astrophysics Data System}
}

@ARTICLE{Everall2019,
       author = {{Everall}, A. and {Evans}, N.~W. and {Belokurov}, V.},
        title = "{The Tilt of the Local Velocity Ellipsoid as Seen by Gaia}",
      journal = {arXiv e-prints},
     keywords = {Astrophysics - Astrophysics of Galaxies},
         year = "2019",
        month = "Apr",
          eid = {arXiv:1904.08460},
        pages = {arXiv:1904.08460},
archivePrefix = {arXiv},
       eprint = {1904.08460},
 primaryClass = {astro-ph.GA},
       adsurl = {https://ui.adsabs.harvard.edu/abs/2019arXiv190408460E},
      adsnote = {Provided by the SAO/NASA Astrophysics Data System}
}

@ARTICLE{Lopez2019,
       author = {{L{\'o}pez-Corredoira}, M. and {Sylos Labini}, F.},
        title = "{Gaia-DR2 extended kinematical maps . I. Method and application}",
      journal = {\aap},
     keywords = {Galaxy: kinematics and dynamics, Galaxy: disk, Astrophysics - Astrophysics of Galaxies},
         year = "2019",
        month = "Jan",
       volume = {621},
          eid = {A48},
        pages = {A48},
          doi = {10.1051/0004-6361/201833849},
archivePrefix = {arXiv},
       eprint = {1810.13436},
 primaryClass = {astro-ph.GA},
       adsurl = {https://ui.adsabs.harvard.edu/abs/2019A&A...621A..48L},
      adsnote = {Provided by the SAO/NASA Astrophysics Data System}
}

@ARTICLE{Kawata2018,
       author = {{Kawata}, Daisuke and {Baba}, Junichi and {Ciuc{\v{a}}}, Ioana and
         {Cropper}, Mark and {Grand}, Robert J.~J. and {Hunt}, Jason A.~S. and
         {Seabroke}, George},
        title = "{Radial distribution of stellar motions in Gaia DR2}",
      journal = {\mnras},
     keywords = {Galaxy: disc, Galaxy: evolution, Galaxy: kinematics and dynamics, Astrophysics - Astrophysics of Galaxies},
         year = "2018",
        month = "Sep",
       volume = {479},
       number = {1},
        pages = {L108-L112},
          doi = {10.1093/mnrasl/sly107},
archivePrefix = {arXiv},
       eprint = {1804.10175},
 primaryClass = {astro-ph.GA},
       adsurl = {https://ui.adsabs.harvard.edu/abs/2018MNRAS.479L.108K},
      adsnote = {Provided by the SAO/NASA Astrophysics Data System}
}

@ARTICLE{Antoja2018,
       author = {{Antoja}, T. and {Helmi}, A. and {Romero-G{\'o}mez}, M. and {Katz}, D. and
         {Babusiaux}, C. and {Drimmel}, R. and {Evans}, D.~W. and
         {Figueras}, F. and {Poggio}, E. and {Reyl{\'e}}, C.},
        title = "{A dynamically young and perturbed Milky Way disk}",
      journal = {\nat},
     keywords = {Astrophysics - Astrophysics of Galaxies},
         year = "2018",
        month = "Sep",
       volume = {561},
       number = {7723},
        pages = {360-362},
          doi = {10.1038/s41586-018-0510-7},
archivePrefix = {arXiv},
       eprint = {1804.10196},
 primaryClass = {astro-ph.GA},
       adsurl = {https://ui.adsabs.harvard.edu/abs/2018Natur.561..360A},
      adsnote = {Provided by the SAO/NASA Astrophysics Data System}
}

@ARTICLE{Fragkoudi2019,
       author = {{Fragkoudi}, F. and {Katz}, D. and {White}, S.~D.~M. and
         {Di Matteo}, P. and {Trick}, W. and {Sormani}, M.~C. and
         {Khoperskov}, S. and {Haywood}, M. and {Hall{\'e}}, A. and
         {G{\'o}mez}, A.},
        title = "{On the ridges, undulations \&amp; streams in Gaia DR2: Linking the topography of phase-space to the orbital structure at the OLR of an N-body bar}",
      journal = {arXiv e-prints},
     keywords = {Astrophysics - Astrophysics of Galaxies},
         year = "2019",
        month = "Jan",
          eid = {arXiv:1901.07568},
        pages = {arXiv:1901.07568},
archivePrefix = {arXiv},
       eprint = {1901.07568},
 primaryClass = {astro-ph.GA},
       adsurl = {https://ui.adsabs.harvard.edu/abs/2019arXiv190107568F},
      adsnote = {Provided by the SAO/NASA Astrophysics Data System}
}

@ARTICLE{Trick2019,
       author = {{Trick}, Wilma H. and {Coronado}, Johanna and {Rix}, Hans-Walter},
        title = "{The Galactic disc in action space as seen by Gaia DR2}",
      journal = {\mnras},
     keywords = {Galaxy: disc, Galaxy: kinematics and dynamics, solar neighbourhood, Astrophysics - Astrophysics of Galaxies},
         year = "2019",
        month = "Apr",
       volume = {484},
       number = {3},
        pages = {3291-3306},
          doi = {10.1093/mnras/stz209},
archivePrefix = {arXiv},
       eprint = {1805.03653},
 primaryClass = {astro-ph.GA},
       adsurl = {https://ui.adsabs.harvard.edu/abs/2019MNRAS.484.3291T},
      adsnote = {Provided by the SAO/NASA Astrophysics Data System}
}

@ARTICLE{Helmi2018,
       author = {{Helmi}, Amina and {Babusiaux}, Carine and {Koppelman}, Helmer H. and
         {Massari}, Davide and {Veljanoski}, Jovan and {Brown}, Anthony G.~A.},
        title = "{The merger that led to the formation of the Milky Way's inner stellar halo and thick disk}",
      journal = {\nat},
     keywords = {Astrophysics - Astrophysics of Galaxies},
         year = "2018",
        month = "Nov",
       volume = {563},
       number = {7729},
        pages = {85-88},
          doi = {10.1038/s41586-018-0625-x},
archivePrefix = {arXiv},
       eprint = {1806.06038},
 primaryClass = {astro-ph.GA},
       adsurl = {https://ui.adsabs.harvard.edu/abs/2018Natur.563...85H},
      adsnote = {Provided by the SAO/NASA Astrophysics Data System}
}

@ARTICLE{Smart2014,
   author = {{Smart}, R.~L. and {Nicastro}, L.},
    title = "{The initial Gaia source list}",
  journal = {\aap},
 keywords = {catalogs, surveys, astrometry},
     year = 2014,
    month = oct,
   volume = 570,
      eid = {A87},
    pages = {A87},
      doi = {10.1051/0004-6361/201424241},
   adsurl = {https://ui.adsabs.harvard.edu/abs/2014A%26A...570A..87S},
  adsnote = {Provided by the SAO/NASA Astrophysics Data System}
}

@ARTICLE{Everall2018,
       author = {{Everall}, Andrew and {Das}, Payel},
        title = "{seestar: Selection functions for spectroscopic surveys of the Milky Way}",
      journal = {arXiv e-prints},
     keywords = {Astrophysics - Astrophysics of Galaxies},
         year = "2019",
        month = "Feb",
          eid = {arXiv:1902.10485},
        pages = {arXiv:1902.10485},
archivePrefix = {arXiv},
       eprint = {1902.10485},
 primaryClass = {astro-ph.GA},
       adsurl = {https://ui.adsabs.harvard.edu/abs/2019arXiv190210485E},
      adsnote = {Provided by the SAO/NASA Astrophysics Data System}
}

@Article{Egozcue2003,
author="Egozcue, J. J.
and Pawlowsky-Glahn, V.
and Mateu-Figueras, G.
and Barcel{\'o}-Vidal, C.",
title="Isometric Logratio Transformations for Compositional Data Analysis",
journal="Mathematical Geology",
year="2003",
month="Apr",
day="01",
volume="35",
number="3",
pages="279--300",
abstract="Geometry in the simplex has been developed in the last 15 years mainly based on the contributions due to J. Aitchison. The main goal was to develop analytical tools for the statistical analysis of compositional data. Our present aim is to get a further insight into some aspects of this geometry in order to clarify the way for more complex statistical approaches. This is done by way of orthonormal bases, which allow for a straightforward handling of geometric elements in the simplex. The transformation into real coordinates preserves all metric properties and is thus called isometric logratio transformation (ilr). An important result is the decomposition of the simplex, as a vector space, into orthogonal subspaces associated with nonoverlapping subcompositions. This gives the key to join compositions with different parts into a single composition by using a balancing element. The relationship between ilr transformations and the centered-logratio (clr) and additive-logratio (alr) transformations is also studied. Exponential growth or decay of mass is used to illustrate compositional linear processes, parallelism and orthogonality in the simplex.",
issn="1573-8868",
doi="10.1023/A:1023818214614",
url="https://doi.org/10.1023/A:1023818214614"
}

@ARTICLE{Green2019,
       author = {{Green}, Gregory M. and {Schlafly}, Edward F. and {Zucker}, Catherine and
         {Speagle}, Joshua S. and {Finkbeiner}, Douglas P.},
        title = "{A 3D Dust Map Based on Gaia, Pan-STARRS 1 and 2MASS}",
      journal = {arXiv e-prints},
     keywords = {Astrophysics - Astrophysics of Galaxies},
         year = "2019",
        month = "May",
          eid = {arXiv:1905.02734},
        pages = {arXiv:1905.02734},
archivePrefix = {arXiv},
       eprint = {1905.02734},
 primaryClass = {astro-ph.GA},
       adsurl = {https://ui.adsabs.harvard.edu/abs/2019arXiv190502734G},
      adsnote = {Provided by the SAO/NASA Astrophysics Data System}
}

@ARTICLE{Anders2019,
       author = {{Anders}, F. and {Khalatyan}, A. and {Chiappini}, C. and
         {Queiroz}, A.~B. and {Santiago}, B.~X. and {Jordi}, C. and
         {Girardi}, L. and {Brown}, A.~G.~A. and {Matijevi{\v{c}}}, G. and
         {Monari}, G.},
        title = "{Photo-astrometric distances, extinctions, and astrophysical parameters for Gaia DR2 stars brighter than G = 18}",
      journal = {arXiv e-prints},
     keywords = {Astrophysics - Astrophysics of Galaxies, Astrophysics - Solar and Stellar Astrophysics},
         year = "2019",
        month = "Apr",
          eid = {arXiv:1904.11302},
        pages = {arXiv:1904.11302},
archivePrefix = {arXiv},
       eprint = {1904.11302},
 primaryClass = {astro-ph.GA},
       adsurl = {https://ui.adsabs.harvard.edu/abs/2019arXiv190411302A},
      adsnote = {Provided by the SAO/NASA Astrophysics Data System}
}

@ARTICLE{Bovy2016,
       author = {{Bovy}, Jo and {Rix}, Hans-Walter and {Green}, Gregory M. and
         {Schlafly}, Edward F. and {Finkbeiner}, Douglas P.},
        title = "{On Galactic Density Modeling in the Presence of Dust Extinction}",
      journal = {\apj},
     keywords = {dust, extinction, Galaxy: kinematics and dynamics, Galaxy: structure, methods: data analysis, stars: statistics, surveys, Astrophysics - Astrophysics of Galaxies},
         year = "2016",
        month = "Feb",
       volume = {818},
       number = {2},
          eid = {130},
        pages = {130},
          doi = {10.3847/0004-637X/818/2/130},
archivePrefix = {arXiv},
       eprint = {1509.06751},
 primaryClass = {astro-ph.GA},
       adsurl = {https://ui.adsabs.harvard.edu/abs/2016ApJ...818..130B},
      adsnote = {Provided by the SAO/NASA Astrophysics Data System}
}

@ARTICLE{Huber2017,
   author = {{Huber}, D. and {Zinn}, J. and {Bojsen-Hansen}, M. and {Pinsonneault}, M. and 
	{Sahlholdt}, C. and {Serenelli}, A. and {Silva Aguirre}, V. and 
	{Stassun}, K. and {Stello}, D. and {Tayar}, J. and {Bastien}, F. and 
	{Bedding}, T.~R. and {Buchhave}, L.~A. and {Chaplin}, W.~J. and 
	{Davies}, G.~R. and {Garc{\'{\i}}a}, R.~A. and {Latham}, D.~W. and 
	{Mathur}, S. and {Mosser}, B. and {Sharma}, S.},
    title = "{Asteroseismology and Gaia: Testing Scaling Relations Using 2200 Kepler  Stars with TGAS Parallaxes}",
  journal = {\apj},
archivePrefix = "arXiv",
   eprint = {1705.04697},
 primaryClass = "astro-ph.SR",
 keywords = {parallaxes, stars: distances, stars: fundamental parameters, stars: late-type, stars: oscillations, techniques: photometric},
     year = 2017,
    month = aug,
   volume = 844,
      eid = {102},
    pages = {102},
      doi = {10.3847/1538-4357/aa75ca},
   adsurl = {https://ui.adsabs.harvard.edu/abs/2017ApJ...844..102H},
  adsnote = {Provided by the SAO/NASA Astrophysics Data System}
}

@ARTICLE{Berger2018,
       author = {{Berger}, Travis A. and {Huber}, Daniel and {Gaidos}, Eric and
         {van Saders}, Jennifer L.},
        title = "{Revised Radii of Kepler Stars and Planets Using Gaia Data Release 2}",
      journal = {\apj},
     keywords = {catalogs, planetary systems, stars: fundamental parameters, techniques: photometric, Astrophysics - Earth and Planetary Astrophysics, Astrophysics - Solar and Stellar Astrophysics},
         year = "2018",
        month = "Oct",
       volume = {866},
       number = {2},
          eid = {99},
        pages = {99},
          doi = {10.3847/1538-4357/aada83},
archivePrefix = {arXiv},
       eprint = {1805.00231},
 primaryClass = {astro-ph.EP},
       adsurl = {https://ui.adsabs.harvard.edu/abs/2018ApJ...866...99B},
      adsnote = {Provided by the SAO/NASA Astrophysics Data System}
}

@ARTICLE{Lutz1973,
   author = {{Lutz}, T.~E. and {Kelker}, D.~H.},
    title = "{On the Use of Trigonometric Parallaxes for the Calibration of Luminosity Systems: Theory}",
  journal = {\pasp},
     year = 1973,
    month = oct,
   volume = 85,
    pages = {573},
      doi = {10.1086/129506},
   adsurl = {https://ui.adsabs.harvard.edu/abs/1973PASP...85..573L},
  adsnote = {Provided by the SAO/NASA Astrophysics Data System}
}

@ARTICLE{BailerJones2015,
       author = {{Bailer-Jones}, Coryn A.~L.},
        title = "{Estimating Distances from Parallaxes}",
      journal = {\pasp},
     keywords = {Astrophysics - Instrumentation and Methods for Astrophysics, Astrophysics - Astrophysics of Galaxies, Astrophysics - Solar and Stellar Astrophysics},
         year = "2015",
        month = "Oct",
       volume = {127},
       number = {956},
        pages = {994},
          doi = {10.1086/683116},
archivePrefix = {arXiv},
       eprint = {1507.02105},
 primaryClass = {astro-ph.IM},
       adsurl = {https://ui.adsabs.harvard.edu/abs/2015PASP..127..994B},
      adsnote = {Provided by the SAO/NASA Astrophysics Data System}
}

@ARTICLE{BailerJones2018,
       author = {{Bailer-Jones}, C.~A.~L. and {Rybizki}, J. and {Fouesneau}, M. and
         {Mantelet}, G. and {Andrae}, R.},
        title = "{Estimating Distance from Parallaxes. IV. Distances to 1.33 Billion Stars in Gaia Data Release 2}",
      journal = {\aj},
     keywords = {catalogs, Galaxy: structure, methods: statistical, stars: distances, Astrophysics - Solar and Stellar Astrophysics, Astrophysics - Astrophysics of Galaxies, Astrophysics - Instrumentation and Methods for Astrophysics},
         year = "2018",
        month = "Aug",
       volume = {156},
       number = {2},
          eid = {58},
        pages = {58},
          doi = {10.3847/1538-3881/aacb21},
archivePrefix = {arXiv},
       eprint = {1804.10121},
 primaryClass = {astro-ph.SR},
       adsurl = {https://ui.adsabs.harvard.edu/abs/2018AJ....156...58B},
      adsnote = {Provided by the SAO/NASA Astrophysics Data System}
}

@ARTICLE{Schonrich2019,
       author = {{Sch{\"o}nrich}, Ralph and {McMillan}, Paul and {Eyer}, Laurent},
        title = "{Distances and parallax bias in Gaia DR2}",
      journal = {\mnras},
     keywords = {astrometry, parallaxes, stars: distances, kinematics and dynamics, Galaxy: kinematics and dynamics, solar neighbourhood, Astrophysics - Astrophysics of Galaxies, Astrophysics - Instrumentation and Methods for Astrophysics, Astrophysics - Solar and Stellar Astrophysics},
         year = "2019",
        month = "Aug",
       volume = {487},
       number = {3},
        pages = {3568-3580},
          doi = {10.1093/mnras/stz1451},
archivePrefix = {arXiv},
       eprint = {1902.02355},
 primaryClass = {astro-ph.GA},
       adsurl = {https://ui.adsabs.harvard.edu/abs/2019MNRAS.487.3568S},
      adsnote = {Provided by the SAO/NASA Astrophysics Data System}
}

@ARTICLE{Carpenter2017,
       author = {{Carpenter}, Bob and {Gelman}, Andrew and {Hoffman}, Matthew D. and
         {Lee}, Daniel and {Goodrich}, Ben and {Betancourt}, Michael and
         {Brubaker}, Marcus and {Guo}, Jiqiang and {Li}, Peter and
         {Riddell}, Allen},
        title = "{Stan: A Probabilistic Programming Language}",
      journal = {Journal of Statistical Software},
         year = "2017",
        month = "Jan",
       volume = {76},
       number = {1},
        pages = {1},
       adsurl = {https://ui.adsabs.harvard.edu/abs/2017JSS....76....1C},
      adsnote = {Provided by the SAO/NASA Astrophysics Data System}
}

@article{Maignan2016,
 author = {Maignan, Aude and Scott, Tony C.},
 title = {Fleshing out the Generalized Lambert W Function},
 journal = {ACM Commun. Comput. Algebra},
 issue_date = {June 2016},
 volume = {50},
 number = {2},
 month = aug,
 year = {2016},
 issn = {1932-2240},
 pages = {45--60},
 numpages = {16},
 url = {http://doi.acm.org/10.1145/2992274.2992275},
 doi = {10.1145/2992274.2992275},
 acmid = {2992275},
 publisher = {ACM},
 address = {New York, NY, USA},
} 

@ARTICLE{Sartoretti2018,
       author = {{Sartoretti}, P. and {Katz}, D. and {Cropper}, M. and {Panuzzo}, P. and
         {Seabroke}, G.~M. and {Viala}, Y. and {Benson}, K. and {Blomme}, R. and
         {Jasniewicz}, G. and {Jean-Antoine}, A. and {Huckle}, H. and
         {Smith}, M. and {Baker}, S. and {Crifo}, F. and {Damerdji}, Y. and
         {David}, M. and {Dolding}, C. and {Fr{\'e}mat}, Y. and {Gosset}, E. and
         {Guerrier}, A. and {Guy}, L.~P. and {Haigron}, R. and {Jan{\ss}en}, K. and
         {Marchal}, O. and {Plum}, G. and {Soubiran}, C. and {Th{\'e}venin}, F. and
         {Ajaj}, M. and {Allende Prieto}, C. and {Babusiaux}, C. and
         {Boudreault}, S. and {Chemin}, L. and {Delle Luche}, C. and
         {Fabre}, C. and {Gueguen}, A. and {Hambly}, N.~C. and {Lasne}, Y. and
         {Meynadier}, F. and {Pailler}, F. and {Panem}, C. and {Riclet}, F. and
         {Royer}, F. and {Tauran}, G. and {Zurbach}, C. and {Zwitter}, T. and
         {Arenou}, F. and {Gomez}, A. and {Lemaitre}, V. and {Leclerc}, N. and
         {Morel}, T. and {Munari}, U. and {Turon}, C. and {{\v{Z}}erjal}, M.},
        title = "{Gaia Data Release 2. Processing the spectroscopic data}",
      journal = {\aap},
     keywords = {techniques: spectroscopic, catalogs, techniques: radial velocities, surveys, methods: data analysis, Astrophysics - Astrophysics of Galaxies, Astrophysics - Instrumentation and Methods for Astrophysics, Astrophysics - Solar and Stellar Astrophysics},
         year = "2018",
        month = "Aug",
       volume = {616},
          eid = {A6},
        pages = {A6},
          doi = {10.1051/0004-6361/201832836},
archivePrefix = {arXiv},
       eprint = {1804.09371},
 primaryClass = {astro-ph.GA},
       adsurl = {https://ui.adsabs.harvard.edu/abs/2018A&A...616A...6S},
      adsnote = {Provided by the SAO/NASA Astrophysics Data System}
}



@ARTICLE{Leung2019,
       author = {{Leung}, Henry W. and {Bovy}, Jo},
        title = "{Simultaneous calibration of spectro-photometric distances and the Gaia DR2 parallax zero-point offset with deep learning}",
      journal = {arXiv e-prints},
     keywords = {Astrophysics - Astrophysics of Galaxies, Astrophysics - Instrumentation and Methods for Astrophysics},
         year = "2019",
        month = "Feb",
          eid = {arXiv:1902.08634},
        pages = {arXiv:1902.08634},
archivePrefix = {arXiv},
       eprint = {1902.08634},
 primaryClass = {astro-ph.GA},
       adsurl = {https://ui.adsabs.harvard.edu/abs/2019arXiv190208634L},
      adsnote = {Provided by the SAO/NASA Astrophysics Data System}
}


@ARTICLE{Lindegren2018,
       author = {{Lindegren}, L. and {Hern{\'a}ndez}, J. and {Bombrun}, A. and
         {Klioner}, S. and {Bastian}, U. and {Ramos-Lerate}, M. and
         {de Torres}, A. and {Steidelm{\"u}ller}, H. and {Stephenson}, C. and
         {Hobbs}, D. and {Lammers}, U. and {Biermann}, M. and {Geyer}, R. and
         {Hilger}, T. and {Michalik}, D. and {Stampa}, U. and {McMillan}, P.~J. and
         {Casta{\~n}eda}, J. and {Clotet}, M. and {Comoretto}, G. and
         {Davidson}, M. and {Fabricius}, C. and {Gracia}, G. and
         {Hambly}, N.~C. and {Hutton}, A. and {Mora}, A. and {Portell}, J. and
         {van Leeuwen}, F. and {Abbas}, U. and {Abreu}, A. and {Altmann}, M. and
         {Andrei}, A. and {Anglada}, E. and {Balaguer-N{\'u}{\~n}ez}, L. and
         {Barache}, C. and {Becciani}, U. and {Bertone}, S. and {Bianchi}, L. and
         {Bouquillon}, S. and {Bourda}, G. and {Br{\"u}semeister}, T. and
         {Bucciarelli}, B. and {Busonero}, D. and {Buzzi}, R. and
         {Cancelliere}, R. and {Carlucci}, T. and {Charlot}, P. and {Cheek}, N. and
         {Crosta}, M. and {Crowley}, C. and {de Bruijne}, J. and
         {de Felice}, F. and {Drimmel}, R. and {Esquej}, P. and {Fienga}, A. and
         {Fraile}, E. and {Gai}, M. and {Garralda}, N. and
         {Gonz{\'a}lez-Vidal}, J.~J. and {Guerra}, R. and {Hauser}, M. and
         {Hofmann}, W. and {Holl}, B. and {Jordan}, S. and {Lattanzi}, M.~G. and
         {Lenhardt}, H. and {Liao}, S. and {Licata}, E. and {Lister}, T. and
         {L{\"o}ffler}, W. and {Marchant}, J. and {Martin-Fleitas}, J. -M. and
         {Messineo}, R. and {Mignard}, F. and {Morbidelli}, R. and {Poggio}, E. and
         {Riva}, A. and {Rowell}, N. and {Salguero}, E. and {Sarasso}, M. and
         {Sciacca}, E. and {Siddiqui}, H. and {Smart}, R.~L. and {Spagna}, A. and
         {Steele}, I. and {Taris}, F. and {Torra}, J. and {van Elteren}, A. and
         {van Reeven}, W. and {Vecchiato}, A.},
        title = "{Gaia Data Release 2. The astrometric solution}",
      journal = {\aap},
     keywords = {astrometry, parallaxes, proper motions, methods: data analysis, space vehicles: instruments, reference systems, Astrophysics - Instrumentation and Methods for Astrophysics},
         year = "2018",
        month = "Aug",
       volume = {616},
          eid = {A2},
        pages = {A2},
          doi = {10.1051/0004-6361/201832727},
archivePrefix = {arXiv},
       eprint = {1804.09366},
 primaryClass = {astro-ph.IM},
       adsurl = {https://ui.adsabs.harvard.edu/abs/2018A&A...616A...2L},
      adsnote = {Provided by the SAO/NASA Astrophysics Data System}
}


@ARTICLE{Zinn2019,
       author = {{Zinn}, Joel C. and {Pinsonneault}, Marc H. and {Huber}, Daniel and
         {Stello}, Dennis},
        title = "{Confirmation of the Gaia DR2 Parallax Zero-point Offset Using Asteroseismology and Spectroscopy in the Kepler Field}",
      journal = {\apj},
     keywords = {asteroseismology, catalogs, parallaxes, stars: distances, Astrophysics - Solar and Stellar Astrophysics},
         year = "2019",
        month = "Jun",
       volume = {878},
       number = {2},
          eid = {136},
        pages = {136},
          doi = {10.3847/1538-4357/ab1f66},
archivePrefix = {arXiv},
       eprint = {1805.02650},
 primaryClass = {astro-ph.SR},
       adsurl = {https://ui.adsabs.harvard.edu/abs/2019ApJ...878..136Z},
      adsnote = {Provided by the SAO/NASA Astrophysics Data System}
}

@BOOK{Press1986,
       author = {{Press}, William H. and {Flannery}, Brian P. and {Teukolsky}, Saul A.},
        title = "{Numerical recipes. The art of scientific computing}",
         year = "1986",
       adsurl = {https://ui.adsabs.harvard.edu/abs/1986nras.book.....P},
      adsnote = {Provided by the SAO/NASA Astrophysics Data System}
}

@BOOK{Knuth1981,
       author = {{Knuth}, Donald E.},
        title = "{The art of computer programming. Vol.2: Seminumerical algorithms}",
         year = "1981",
       adsurl = {https://ui.adsabs.harvard.edu/abs/1981acp..book.....K},
      adsnote = {Provided by the SAO/NASA Astrophysics Data System}
}


@ARTICLE{Mowlavi2018,
       author = {{Mowlavi}, N. and {Lecoeur-Ta{\"\i}bi}, I. and {Lebzelter}, T. and
         {Rimoldini}, L. and {Lorenz}, D. and {Audard}, M. and {De Ridder}, J. and
         {Eyer}, L. and {Guy}, L.~P. and {Holl}, B. and
         {Jevardat de Fombelle}, G. and {Marchal}, O. and {Nienartowicz}, K. and
         {Regibo}, S. and {Roelens}, M. and {Sarro}, L.~M.},
        title = "{Gaia Data Release 2. The first Gaia catalogue of long-period variable candidates}",
      journal = {\aap},
     keywords = {stars: general, stars: variables: general, stars: AGB and post-AGB, stars: pre-main sequence, catalogs, methods: data analysis, Astrophysics - Solar and Stellar Astrophysics, Astrophysics - Instrumentation and Methods for Astrophysics},
         year = "2018",
        month = "Oct",
       volume = {618},
          eid = {A58},
        pages = {A58},
          doi = {10.1051/0004-6361/201833366},
archivePrefix = {arXiv},
       eprint = {1805.02035},
 primaryClass = {astro-ph.SR},
       adsurl = {https://ui.adsabs.harvard.edu/abs/2018A&A...618A..58M},
      adsnote = {Provided by the SAO/NASA Astrophysics Data System}
}

@ARTICLE{Clementini2019,
       author = {{Clementini}, G. and {Ripepi}, V. and {Molinaro}, R. and {Garofalo}, A. and
         {Muraveva}, T. and {Rimoldini}, L. and {Guy}, L.~P. and
         {Jevardat de Fombelle}, G. and {Nienartowicz}, K. and {Marchal}, O. and
         {Audard}, M. and {Holl}, B. and {Leccia}, S. and {Marconi}, M. and
         {Musella}, I. and {Mowlavi}, N. and {Lecoeur-Taibi}, I. and {Eyer}, L. and
         {De Ridder}, J. and {Regibo}, S. and {Sarro}, L.~M. and {Szabados}, L. and
         {Evans}, D.~W. and {Riello}, M.},
        title = "{Gaia Data Release 2. Specific characterisation and validation of all-sky Cepheids and RR Lyrae stars}",
      journal = {\aap},
     keywords = {stars: general, stars: oscillations, stars: variables: Cepheids, stars: variables: RR Lyrae, methods: data analysis, Galaxy: structure, Astrophysics - Solar and Stellar Astrophysics},
         year = "2019",
        month = "Feb",
       volume = {622},
          eid = {A60},
        pages = {A60},
          doi = {10.1051/0004-6361/201833374},
archivePrefix = {arXiv},
       eprint = {1805.02079},
 primaryClass = {astro-ph.SR},
       adsurl = {https://ui.adsabs.harvard.edu/abs/2019A&A...622A..60C},
      adsnote = {Provided by the SAO/NASA Astrophysics Data System}
}


@ARTICLE{Evans2018,
       author = {{Evans}, D.~W. and {Riello}, M. and {De Angeli}, F. and
         {Carrasco}, J.~M. and {Montegriffo}, P. and {Fabricius}, C. and
         {Jordi}, C. and {Palaversa}, L. and {Diener}, C. and {Busso}, G. and
         {Cacciari}, C. and {van Leeuwen}, F. and {Burgess}, P.~W. and
         {Davidson}, M. and {Harrison}, D.~L. and {Hodgkin}, S.~T. and
         {Pancino}, E. and {Richards}, P.~J. and {Altavilla}, G. and
         {Balaguer-N{\'u}{\~n}ez}, L. and {Barstow}, M.~A. and {Bellazzini}, M. and
         {Brown}, A.~G.~A. and {Castellani}, M. and {Cocozza}, G. and
         {De Luise}, F. and {Delgado}, A. and {Ducourant}, C. and {Galleti}, S. and
         {Gilmore}, G. and {Giuffrida}, G. and {Holl}, B. and {Kewley}, A. and
         {Koposov}, S.~E. and {Marinoni}, S. and {Marrese}, P.~M. and
         {Osborne}, P.~J. and {Piersimoni}, A. and {Portell}, J. and
         {Pulone}, L. and {Ragaini}, S. and {Sanna}, N. and {Terrett}, D. and
         {Walton}, N.~A. and {Wevers}, T. and {Wyrzykowski}, {\L}.},
        title = "{Gaia Data Release 2. Photometric content and validation}",
      journal = {\aap},
     keywords = {catalogs, surveys, instrumentation: photometers, techniques: photometric, galaxies: general, Astrophysics - Instrumentation and Methods for Astrophysics},
         year = "2018",
        month = "Aug",
       volume = {616},
          eid = {A4},
        pages = {A4},
          doi = {10.1051/0004-6361/201832756},
archivePrefix = {arXiv},
       eprint = {1804.09368},
 primaryClass = {astro-ph.IM},
       adsurl = {https://ui.adsabs.harvard.edu/abs/2018A&A...616A...4E},
      adsnote = {Provided by the SAO/NASA Astrophysics Data System}
}

@ARTICLE{Gorski2005,
       author = {{G{\'o}rski}, K.~M. and {Hivon}, E. and {Banday}, A.~J. and {Wand
        elt}, B.~D. and {Hansen}, F.~K. and {Reinecke}, M. and {Bartelmann}, M.},
        title = "{HEALPix: A Framework for High-Resolution Discretization and Fast Analysis of Data Distributed on the Sphere}",
      journal = {\apj},
     keywords = {Cosmology: Cosmic Microwave Background, Cosmology: Observations, Methods: Statistical, Astrophysics},
         year = "2005",
        month = "Apr",
       volume = {622},
       number = {2},
        pages = {759-771},
          doi = {10.1086/427976},
archivePrefix = {arXiv},
       eprint = {astro-ph/0409513},
 primaryClass = {astro-ph},
       adsurl = {https://ui.adsabs.harvard.edu/abs/2005ApJ...622..759G},
      adsnote = {Provided by the SAO/NASA Astrophysics Data System}
}

@ARTICLE{Kluter2018,
       author = {{Kl{\"u}ter}, J. and {Bastian}, U. and {Demleitner}, M. and
         {Wambsganss}, J.},
        title = "{Prediction of astrometric microlensing events from Gaia DR2 proper motions}",
      journal = {\aap},
     keywords = {astrometry, catalogs, proper motions, gravitational lensing: micro, methods: data analysis, Astrophysics - Solar and Stellar Astrophysics, Astrophysics - Astrophysics of Galaxies, Astrophysics - Instrumentation and Methods for Astrophysics},
         year = "2018",
        month = "Dec",
       volume = {620},
          eid = {A175},
        pages = {A175},
          doi = {10.1051/0004-6361/201833978},
archivePrefix = {arXiv},
       eprint = {1807.11077},
 primaryClass = {astro-ph.SR},
       adsurl = {https://ui.adsabs.harvard.edu/abs/2018A&A...620A.175K},
      adsnote = {Provided by the SAO/NASA Astrophysics Data System}
}


@ARTICLE{2018A&A...616A..13G,
       author = {{Gaia Collaboration} and {Spoto}, F. and {Tanga}, P. and {Mignard}, F. and
         {Berthier}, J. and {Carry}, B. and {Cellino}, A. and {Dell'Oro}, A. and
         {Hestroffer}, D. and {Muinonen}, K. and {Pauwels}, T. and
         {Petit}, J. -M. and {David}, P. and {De Angeli}, F. and {Delbo}, M. and
         {Fr{\'e}zouls}, B. and {Galluccio}, L. and {Granvik}, M. and
         {Guiraud}, J. and {Hern{\'a}ndez}, J. and {Ord{\'e}novic}, C. and
         {Portell}, J. and {Poujoulet}, E. and {Thuillot}, W. and
         {Walmsley}, G. and {Brown}, A.~G.~A. and {Vallenari}, A. and
         {Prusti}, T. and {de Bruijne}, J.~H.~J. and {Babusiaux}, C. and
         {Bailer-Jones}, C.~A.~L. and {Biermann}, M. and {Evans}, D.~W. and
         {Eyer}, L. and {Jansen}, F. and {Jordi}, C. and {Klioner}, S.~A. and
         {Lammers}, U. and {Lindegren}, L. and {Luri}, X. and {Panem}, C. and
         {Pourbaix}, D. and {Randich}, S. and {Sartoretti}, P. and
         {Siddiqui}, H.~I. and {Soubiran}, C. and {van Leeuwen}, F. and
         {Walton}, N.~A. and {Arenou}, F. and {Bastian}, U. and {Cropper}, M. and
         {Drimmel}, R. and {Katz}, D. and {Lattanzi}, M.~G. and {Bakker}, J. and
         {Cacciari}, C. and {Casta{\~n}eda}, J. and {Chaoul}, L. and
         {Cheek}, N. and {Fabricius}, C. and {Guerra}, R. and {Holl}, B. and
         {Masana}, E. and {Messineo}, R. and {Mowlavi}, N. and
         {Nienartowicz}, K. and {Panuzzo}, P. and {Riello}, M. and
         {Seabroke}, G.~M. and {Th{\'e}venin}, F. and {Gracia-Abril}, G. and
         {Comoretto}, G. and {Garcia-Reinaldos}, M. and {Teyssier}, D. and
         {Altmann}, M. and {Andrae}, R. and {Audard}, M. and
         {Bellas-Velidis}, I. and {Benson}, K. and {Blomme}, R. and
         {Burgess}, P. and {Busso}, G. and {Clementini}, G. and {Clotet}, M. and
         {Creevey}, O. and {Davidson}, M. and {De Ridder}, J. and
         {Delchambre}, L. and {Ducourant}, C. and
         {Fern{\'a}ndez-Hern{\'a}ndez}, J. and {Fouesneau}, M. and
         {Fr{\'e}mat}, Y. and {Garc{\'\i}a-Torres}, M. and
         {Gonz{\'a}lez-N{\'u}{\~n}ez}, J. and {Gonz{\'a}lez-Vidal}, J.~J. and
         {Gosset}, E. and {Guy}, L.~P. and {Halbwachs}, J. -L. and
         {Hambly}, N.~C. and {Harrison}, D.~L. and {Hodgkin}, S.~T. and
         {Hutton}, A. and {Jasniewicz}, G. and {Jean-Antoine-Piccolo}, A. and
         {Jordan}, S. and {Korn}, A.~J. and {Krone-Martins}, A. and
         {Lanzafame}, A.~C. and {Lebzelter}, T. and {L{\"o}}, W. and
         {Manteiga}, M. and {Marrese}, P.~M. and {Mart{\'\i}n-Fleitas}, J.~M. and
         {Moitinho}, A. and {Mora}, A. and {Osinde}, J. and {Pancino}, E. and
         {Recio-Blanco}, A. and {Richards}, P.~J. and {Rimoldini}, L. and
         {Robin}, A.~C. and {Sarro}, L.~M. and {Siopis}, C. and {Smith}, M. and
         {Sozzetti}, A. and {S{\"u}veges}, M. and {Torra}, J. and
         {van Reeven}, W. and {Abbas}, U. and {Abreu Aramburu}, A. and
         {Accart}, S. and {Aerts}, C. and {Altavilla}, G. and
         {{\'A}lvarez}, M.~A. and {Alvarez}, R. and {Alves}, J. and
         {Anderson}, R.~I. and {Andrei}, A.~H. and {Anglada Varela}, E. and
         {Antiche}, E. and {Antoja}, T. and {Arcay}, B. and
         {Astraatmadja}, T.~L. and {Bach}, N. and {Baker}, S.~G. and
         {Balaguer-N{\'u}{\~n}ez}, L. and {Balm}, P. and {Barache}, C. and
         {Barata}, C. and {Barbato}, D. and {Barblan}, F. and {Barklem}, P.~S. and
         {Barrado}, D. and {Barros}, M. and {Barstow}, M.~A. and
         {Bartholom{\'e} Mu{\~n}oz}, L. and {Bassilana}, J. -L. and
         {Becciani}, U. and {Bellazzini}, M. and {Berihuete}, A. and
         {Bertone}, S. and {Bianchi}, L. and {Bienaym{\'e}}, O. and
         {Blanco-Cuaresma}, S. and {Boch}, T. and {Boeche}, C. and
         {Bombrun}, A. and {Borrachero}, R. and {Bossini}, D. and
         {Bouquillon}, S. and {Bourda}, G. and {Bragaglia}, A. and
         {Bramante}, L. and {Breddels}, M.~A. and {Bressan}, A. and
         {Brouillet}, N. and {Br{\"u}semeister}, T. and {Brugaletta}, E. and
         {Bucciarelli}, B. and {Burlacu}, A. and {Busonero}, D. and
         {Butkevich}, A.~G. and {Buzzi}, R. and {Caffau}, E. and
         {Cancelliere}, R. and {Cannizzaro}, G. and {Cantat-Gaudin}, T. and
         {Carballo}, R. and {Carlucci}, T. and {Carrasco}, J.~M. and
         {Casamiquela}, L. and {Castellani}, M. and {Castro-Ginard}, A. and
         {Charlot}, P. and {Chemin}, L. and {Chiavassa}, A. and {Cocozza}, G. and
         {Costigan}, G. and {Cowell}, S. and {Crifo}, F. and {Crosta}, M. and
         {Crowley}, C. and {Cuypers}, J. and {Dafonte}, C. and {Damerdji}, Y. and
         {Dapergolas}, A. and {David}, M. and {de Laverny}, P. and
         {De Luise}, F. and {De March}, R. and {de Souza}, R. and
         {de Torres}, A. and {Debosscher}, J. and {del Pozo}, E. and
         {Delgado}, A. and {Delgado}, H.~E. and {Diakite}, S. and {Diener}, C. and
         {Distefano}, E. and {Dolding}, C. and {Drazinos}, P. and
         {Dur{\'a}n}, J. and {Edvardsson}, B. and {Enke}, H. and {Eriksson}, K. and
         {Esquej}, P. and {Eynard Bontemps}, G. and {Fabre}, C. and
         {Fabrizio}, M. and {Faigler}, S. and {Falc{\~a}o}, A.~J. and
         {Farr{\`a}s Casas}, M. and {Federici}, L. and {Fedorets}, G. and
         {Fernique}, P. and {Figueras}, F. and {Filippi}, F. and
         {Findeisen}, K. and {Fonti}, A. and {Fraile}, E. and {Fraser}, M. and
         {Gai}, M. and {Galleti}, S. and {Garabato}, D. and
         {Garc{\'\i}a-Sedano}, F. and {Garofalo}, A. and {Garralda}, N. and
         {Gavel}, A. and {Gavras}, P. and {Gerssen}, J. and {Geyer}, R. and
         {Giacobbe}, P. and {Gilmore}, G. and {Girona}, S. and {Giuffrida}, G. and
         {Glass}, F. and {Gomes}, M. and {Gueguen}, A. and {Guerrier}, A. and
         {Guti{\'e}}, R. and {Haigron}, R. and {Hatzidimitriou}, D. and
         {Hauser}, M. and {Haywood}, M. and {Heiter}, U. and {Helmi}, A. and
         {Heu}, J. and {Hilger}, T. and {Hobbs}, D. and {Hofmann}, W. and {Holland
        }, G. and {Huckle}, H.~E. and {Hypki}, A. and {Icardi}, V. and
         {Jan{\ss}en}, K. and {Jevardat de Fombelle}, G. and {Jonker}, P.~G. and
         {Juh{\'a}sz}, {\'A}. L. and {Julbe}, F. and {Karampelas}, A. and
         {Kewley}, A. and {Klar}, J. and {Kochoska}, A. and {Kohley}, R. and
         {Kolenberg}, K. and {Kontizas}, M. and {Kontizas}, E. and
         {Koposov}, S.~E. and {Kordopatis}, G. and {Kostrzewa-Rutkowska}, Z. and
         {Koubsky}, P. and {Lambert}, S. and {Lanza}, A.~F. and {Lasne}, Y. and
         {Lavigne}, J. -B. and {Le Fustec}, Y. and {Le Poncin-Lafitte}, C. and
         {Lebreton}, Y. and {Leccia}, S. and {Leclerc}, N. and
         {Lecoeur-Taibi}, I. and {Lenhardt}, H. and {Leroux}, F. and {Liao}, S. and
         {Licata}, E. and {Lindstr{\o}m}, H.~E.~P. and {Lister}, T.~A. and
         {Livanou}, E. and {Lobel}, A. and {L{\'o}pez}, M. and {Managau}, S. and
         {Mann}, R.~G. and {Mantelet}, G. and {Marchal}, O. and
         {Marchant}, J.~M. and {Marconi}, M. and {Marinoni}, S. and
         {Marschalk{\'o}}, G. and {Marshall}, D.~J. and {Martino}, M. and
         {Marton}, G. and {Mary}, N. and {Massari}, D. and
         {Matijevi{\v{c}}}, G. and {Mazeh}, T. and {McMillan}, P.~J. and
         {Messina}, S. and {Michalik}, D. and {Millar}, N.~R. and {Molina}, D. and
         {Molinaro}, R. and {Moln{\'a}r}, L. and {Montegriffo}, P. and
         {Mor}, R. and {Morbidelli}, R. and {Morel}, T. and {Morris}, D. and
         {Mulone}, A.~F. and {Muraveva}, T. and {Musella}, I. and
         {Nelemans}, G. and {Nicastro}, L. and {Noval}, L. and {O'Mullane}, W. and
         {Ord{\'o}{\~n}ez-Blanco}, D. and {Osborne}, P. and {Pagani}, C. and
         {Pagano}, I. and {Pailler}, F. and {Palacin}, H. and {Palaversa}, L. and
         {Panahi}, A. and {Pawlak}, M. and {Piersimoni}, A.~M. and
         {Pineau}, F. -X. and {Plachy}, E. and {Plum}, G. and {Poggio}, E. and
         {Pr{\v{s}}a}, A. and {Pulone}, L. and {Racero}, E. and {Ragaini}, S. and
         {Rambaux}, N. and {Ramos-Lerate}, M. and {Regibo}, S. and
         {Reyl{\'e}}, C. and {Riclet}, F. and {Ripepi}, V. and {Riva}, A. and
         {Rivard}, A. and {Rixon}, G. and {Roegiers}, T. and {Roelens}, M. and
         {Romero-G{\'o}mez}, M. and {Rowell}, N. and {Royer}, F. and
         {Ruiz-Dern}, L. and {Sadowski}, G. and {Sagrist{\`a} Sell{\'e}s}, T. and
         {Sahlmann}, J. and {Salgado}, J. and {Salguero}, E. and {Sanna}, N. and
         {Santana-Ros}, T. and {Sarasso}, M. and {Savietto}, H. and
         {Schultheis}, M. and {Sciacca}, E. and {Segol}, M. and
         {Segovia}, J.~C. and {S{\'e}gransan}, D. and {Shih}, I. -C. and
         {Siltala}, L. and {Silva}, A.~F. and {Smart}, R.~L. and {Smith}, K.~W. and
         {Solano}, E. and {Solitro}, F. and {Sordo}, R. and {Soria Nieto}, S. and
         {Souchay}, J. and {Spagna}, A. and {Stampa}, U. and {Steele}, I.~A. and
         {Steidelm{\"u}ller}, H. and {Stephenson}, C.~A. and {Stoev}, H. and
         {Suess}, F.~F. and {Surdej}, J. and {Szabados}, L. and
         {Szegedi-Elek}, E. and {Tapiador}, D. and {Taris}, F. and {Tauran}, G. and
         {Taylor}, M.~B. and {Teixeira}, R. and {Terrett}, D. and {Teyssand
        ier}, P. and {Titarenko}, A. and {Torra Clotet}, F. and {Turon}, C. and
         {Ulla}, A. and {Utrilla}, E. and {Uzzi}, S. and {Vaillant}, M. and
         {Valentini}, G. and {Valette}, V. and {van Elteren}, A. and
         {Van Hemelryck}, E. and {van Leeuwen}, M. and {Vaschetto}, M. and
         {Vecchiato}, A. and {Veljanoski}, J. and {Viala}, Y. and {Vicente}, D. and
         {Vogt}, S. and {von Essen}, C. and {Voss}, H. and {Votruba}, V. and
         {Voutsinas}, S. and {Weiler}, M. and {Wertz}, O. and {Wevers}, T. and
         {Wyrzykowski}, {\L}. and {Yoldas}, A. and {{\v{Z}}erjal}, M. and
         {Ziaeepour}, H. and {Zorec}, J. and {Zschocke}, S. and {Zucker}, S. and
         {Zurbach}, C. and {Zwitter}, T.},
        title = "{Gaia Data Release 2. Observations of solar system objects}",
      journal = {\aap},
     keywords = {astrometry, minor planets, asteroids: general, methods: data analysis, space vehicles: instruments, Astrophysics - Earth and Planetary Astrophysics, Astrophysics - Instrumentation and Methods for Astrophysics},
         year = "2018",
        month = "Aug",
       volume = {616},
          eid = {A13},
        pages = {A13},
          doi = {10.1051/0004-6361/201832900},
archivePrefix = {arXiv},
       eprint = {1804.09379},
 primaryClass = {astro-ph.EP},
       adsurl = {https://ui.adsabs.harvard.edu/abs/2018A&A...616A..13G},
      adsnote = {Provided by the SAO/NASA Astrophysics Data System}
}

@article{sacks1989,
	title = {Design and analysis of computer experiments},
	volume = {4},
	number = {4},
	journal = {Statistical science},
	author = {Sacks, Jerome and Welch, William J. and Mitchell, Toby J. and Wynn, Henry P.},
	month = nov,
	year = {1989},
	pages = {409--23}
}

@book{rasmussen2006,
	address = {Cambridge},
	title = {Gaussian processes for machine learning},
	publisher = {MIT Press},
	author = {Rasmussen, Carl Edward and Williams, Christopher K. I.},
	year = {2006}
}


@article{Lindegren:2012aa,
	Abstract = {Context. The Gaia satellite will observe about one billion stars and other point-like sources. The astrometric core solution will determine the astrometric parameters (position, parallax, and proper motion) for a subset of these sources, using a global solution approach which must also include a large number of parameters for the satellite attitude and optical instrument. The accurate and efficient implementation of this solution is an extremely demanding task, but crucial for the outcome of the mission.  Aims: We aim to provide a comprehensive overview of the mathematical and physical models applicable to this solution, as well as its numerical and algorithmic framework.  Methods: The astrometric core solution is a simultaneous least-squares estimation of about half a billion parameters, including the astrometric parameters for some 100 million well-behaved so-called primary sources. The global nature of the solution requires an iterative approach, which can be broken down into a small number of distinct processing blocks (source, attitude, calibration and global updating) and auxiliary processes (including the frame rotator and selection of primary sources). We describe each of these processes in some detail, formulate the underlying models, from which the observation equations are derived, and outline the adopted numerical solution methods with due consideration of robustness and the structure of the resulting system of equations. Appendices provide brief introductions to some important mathematical tools (quaternions and B-splines for the attitude representation, and a modified Cholesky algorithm for positive semidefinite problems) and discuss some complications expected in the real mission data.  Results: A complete software system called AGIS (Astrometric Global Iterative Solution) is being built according to the methods described in the paper. Based on simulated data for 2 million primary sources we present some initial results, demonstrating the basic mathematical and numerical validity of the approach and, by a reasonable extrapolation, its practical feasibility in terms of data management and computations for the real mission.},
	Adsnote = {Provided by the SAO/NASA Astrophysics Data System},
	Adsurl = {http://adsabs.harvard.edu/abs/2012A%26A...538A..78L},
	Archiveprefix = {arXiv},
	Author = {{Lindegren}, L. and {Lammers}, U. and {Hobbs}, D. and {O'Mullane}, W. and {Bastian}, U. and {Hern{\'a}ndez}, J.},
	Date-Added = {2019-01-06 15:49:27 +0100},
	Date-Modified = {2019-01-06 15:49:28 +0100},
	Doi = {10.1051/0004-6361/201117905},
	Eid = {A78},
	Eprint = {1112.4139},
	Journal = {\aap},
	Keywords = {astrometry, methods: data analysis, methods: numerical, space vehicles: instruments},
	Month = feb,
	Pages = {A78},
	Primaryclass = {astro-ph.IM},
	Title = {{The astrometric core solution for the Gaia mission. Overview of models, algorithms, and software implementation}},
	Volume = 538,
	Year = 2012,
	Bdsk-File-1 = {YnBsaXN0MDDSAQIDBFxyZWxhdGl2ZVBhdGhZYWxpYXNEYXRhXxBIcGRmcy9MaW5kZWdyZW4xMl9UaGUgYXN0cm9tZXRyaWMgY29yZSBzb2x1dGlvbiBmb3IgdGhlIEdhaWEgbWlzc2lvbi4ucGRmTxECWgAAAAACWgACAAAMTWFjaW50b3NoIEhEAAAAAAAAAAAAAAAAAAAAAAAAAEJEAAH/////H0xpbmRlZ3JlbjEyX1RoZSBhcyNGRkZGRkZGRi5wZGYAAAAAAAAAAAAAAAAAAAAAAAAAAAAAAAAAAAAAAAAAAP////8AAAAAAAAAAAAAAAAAAQADAAAKIGN1AAAAAAAAAAAAAAAAAARwZGZzAAIAfS86VXNlcnM6YmVycnk6RG9jdW1lbnRzOkhvbGx5Q2xvdWRCZXJyeTpwdWJsaWNhdGlvbnM6cGRmczpMaW5kZWdyZW4xMl9UaGUgYXN0cm9tZXRyaWMgY29yZSBzb2x1dGlvbiBmb3IgdGhlIEdhaWEgbWlzc2lvbi4ucGRmAAAOAIgAQwBMAGkAbgBkAGUAZwByAGUAbgAxADIAXwBUAGgAZQAgAGEAcwB0AHIAbwBtAGUAdAByAGkAYwAgAGMAbwByAGUAIABzAG8AbAB1AHQAaQBvAG4AIABmAG8AcgAgAHQAaABlACAARwBhAGkAYQAgAG0AaQBzAHMAaQBvAG4ALgAuAHAAZABmAA8AGgAMAE0AYQBjAGkAbgB0AG8AcwBoACAASABEABIAe1VzZXJzL2JlcnJ5L0RvY3VtZW50cy9Ib2xseUNsb3VkQmVycnkvcHVibGljYXRpb25zL3BkZnMvTGluZGVncmVuMTJfVGhlIGFzdHJvbWV0cmljIGNvcmUgc29sdXRpb24gZm9yIHRoZSBHYWlhIG1pc3Npb24uLnBkZgAAEwABLwAAFQACAAz//wAAAAgADQAaACQAbwAAAAAAAAIBAAAAAAAAAAUAAAAAAAAAAAAAAAAAAALN},
	Bdsk-Url-1 = {https://doi.org/10.1051/0004-6361/201117905}}
	
	
@ARTICLE{Koposov2020,
       author = {{Koposov}, Sergey E. and {Boubert}, Douglas and {Li}, Ting S. and
         {Erkal}, Denis and {Da Costa}, Gary S. and {Zucker}, Daniel B. and
         {Ji}, Alexander P. and {Kuehn}, Kyler and {Lewis}, Geraint F. and
         {Mackey}, Dougal and {Simpson}, Jeffrey D. and {Shipp}, Nora and
         {Wan}, Zhen and {Belokurov}, Vasily and {Bland-Hawthorn}, Joss and
         {Martell}, Sarah L. and {Nordlander}, Thomas and {Pace}, Andrew B. and
         {De Silva}, Gayandhi M. and {Wang}, Mei-Yu and {S5 collaboration}},
        title = "{Discovery of a nearby 1700 km s$^{-1}$ star ejected from the Milky Way by Sgr A*}",
      journal = {\mnras},
     keywords = {stars: kinematics and dynamics, Galaxy: centre, Galaxy: fundamental parameters, Astrophysics - Astrophysics of Galaxies},
         year = 2020,
        month = jan,
       volume = {491},
       number = {2},
        pages = {2465-2480},
          doi = {10.1093/mnras/stz3081},
archivePrefix = {arXiv},
       eprint = {1907.11725},
 primaryClass = {astro-ph.GA},
       adsurl = {https://ui.adsabs.harvard.edu/abs/2020MNRAS.491.2465K},
      adsnote = {Provided by the SAO/NASA Astrophysics Data System}
}


@MISC{2018gdr2.reptE...1D,
       author = {{de Bruijne}, J.~H.~J. and {Abreu}, A. and {Brown}, A.~G.~A. and
         {Casta{\~n}eda}, J. and {Cheek}, N. and {Crowley}, C. and
         {De Angeli}, F. and {Drimmel}, R. and {Fabricius}, C. and
         {Fleitas}, J. and {Gracia-Abril}, G. and {Guerra}, R. and {Hutton}, A. and
         {Messineo}, R. and {Mora}, A. and {Nienartowicz}, K. and {Panem}, C. and
         {Siddiqui}, H.},
        title = "{Gaia DR2 documentation Chapter 1: Introduction}",
 howpublished = {Gaia DR2 documentation},
         year = 2018,
        month = jul,
          eid = {1},
        pages = {1},
       adsurl = {https://ui.adsabs.harvard.edu/abs/2018gdr2.reptE...1D},
      adsnote = {Provided by the SAO/NASA Astrophysics Data System}
}

@ARTICLE{Crowley2016,
       author = {{Crowley}, C. and {Kohley}, R. and {Hambly}, N.~C. and {Davidson}, M. and
         {Abreu}, A. and {van Leeuwen}, F. and {Fabricius}, C. and
         {Seabroke}, G. and {de Bruijne}, J.~H.~J. and {Short}, A. and
         {Lindegren}, L. and {Brown}, A.~G.~A. and {Sarri}, G. and {Gare}, P. and
         {Prusti}, T. and {Prod'homme}, T. and {Mora}, A. and
         {Mart{\'\i}n-Fleitas}, J. and {Raison}, F. and {Lammers}, U. and
         {O'Mullane}, W. and {Jansen}, F.},
        title = "{Gaia Data Release 1. On-orbit performance of the Gaia CCDs at L2}",
      journal = {\aap},
     keywords = {instrumentation: detectors, astrometry, methods: data analysis, space vehicles: instruments, Astrophysics - Instrumentation and Methods for Astrophysics, Astrophysics - Astrophysics of Galaxies},
         year = 2016,
        month = nov,
       volume = {595},
          eid = {A6},
        pages = {A6},
          doi = {10.1051/0004-6361/201628990},
archivePrefix = {arXiv},
       eprint = {1609.04240},
 primaryClass = {astro-ph.IM},
       adsurl = {https://ui.adsabs.harvard.edu/abs/2016A&A...595A...6C},
      adsnote = {Provided by the SAO/NASA Astrophysics Data System}
}


@ARTICLE{klioner2003,
       author = {{Klioner}, Sergei A.},
        title = "{A Practical Relativistic Model for Microarcsecond Astrometry in Space}",
      journal = {\aj},
     keywords = {Astrometry, Reference Systems},
         year = 2003,
        month = mar,
       volume = {125},
       number = {3},
        pages = {1580-1597},
          doi = {10.1086/367593},
       adsurl = {https://ui.adsabs.harvard.edu/abs/2003AJ....125.1580K},
      adsnote = {Provided by the SAO/NASA Astrophysics Data System}
}